@article{hu_cmb_1997,
    title = {{A CMB polarization primer}},
    year = {1997},
    journal = {New Astronomy},
    author = {Hu, Wayne and White, Martin},
    number = {4},
    month = {10},
    pages = {323--344},
    volume = {2},
    url = {http://www.sciencedirect.com/science/article/pii/S1384107697000225},
    doi = {10.1016/S1384-1076(97)00022-5},
    issn = {1384-1076},
    keywords = {Cosmic microwave background, Cosmology}
}

@phdthesis{matsumura_cosmic_2006,
    title = {{A cosmic microwave background radiation polarimeter using superconducting magnetic bearings}},
    year = {2006},
    author = {Matsumura, Tomotake},
    url = {http://adsabs.harvard.edu/abs/2006PhDT........19M},
    school = {University of Minnesota},
    address = {Minnesota, USA},
    keywords = {Cosmic microwave background, Cosmology, Magnetic bearings, Polarimeters, Radiation polarimeter, Superconducting magnetic bearings}
}

@inproceedings{klein_cryogenic_2011,
    title = {{A cryogenic half-wave plate polarimeter using a superconducting magnetic bearing}},
    year = {2011},
    booktitle = {Cryogenic Optical Systems and Instruments XIII},
    author = {Klein, Jeff and {The EBEX Collaboration}},
    month = {9},
    pages = {815004},
    volume = {8150},
    publisher = {International Society for Optics and Photonics},
    url = {https://www.spiedigitallibrary.org/conference-proceedings-of-spie/8150/815004/A-cryogenic-half-wave-plate-polarimeter-using-a-superconducting-magnetic/10.1117/12.893669.short},
    doi = {10.1117/12.893669}
}

@article{bryan_cryogenic_2016,
    title = {{A cryogenic rotation stage with a large clear aperture for the half-wave plates in the Spider instrument}},
    year = {2016},
    journal = {Review of Scientific Instruments},
    author = {Bryan, Sean and {The SPIDER Collaboration}},
    number = {1},
    month = {1},
    pages = {14501},
    volume = {87},
    url = {https://aip.scitation.org/doi/10.1063/1.4939435},
    doi = {10.1063/1.4939435},
    issn = {0034-6748}
}

@article{Long2018,
    title = {{A gravidade extra do Universo pode n{\~{a}}o ser provocada pela mat{\'{e}}ria escura (mas sim pela luz)}},
    year = {2018},
    journal = {11 Mar{\c{c}}o, 2019},
    author = {Long, Feng and Pinilla, Paola and Herczeg, Gregory J. and Harsono, Daniel and Dipierro, Giovanni and Pascucci, Ilaria and Hendler, Nathan and Tazzari, Marco and Ragusa, Enrico and Salyk, Colette and Edwards, Suzan and Lodato, Giuseppe and van de Plas, Gerrit and Johnstone, Doug and Liu, Yao and Boehler, Yann and Cabrit, Sylvie and Manara, Carlo F. and Menard, Francois and Mulders, Gijs D. and Nisini, Brunella and Fischer, William J. and Rigliaco, Elisabetta and Banzatti, Andrea and Avenhaus, Henning and Gully-Santiago, Michael},
    number = {1},
    month = {3},
    pages = {17},
    volume = {869},
    publisher = {IOP Publishing},
    url = {https://doi.org/10.3847/1538-4357/ab76c2},
    doi = {10.3847/1538-4357},
    keywords = {Astrophysics, Astrophysics of Galaxies, Earth and Planetary Astrophysics, Solar and Stellar Astrophysics, circumstellar matter, planets and satellites: formation, protoplanetary disks}
}

@article{hill_large-diameter_2018,
    title = {{A Large-Diameter Cryogenic Rotation Stage for Half-Wave Plate Polarization Modulation on the POLARBEAR-2 Experiment}},
    year = {2018},
    journal = {Journal of Low Temperature Physics},
    author = {Hill, C A and Kusaka, A and Barton, P and {others}},
    number = {5},
    month = {12},
    pages = {851--859},
    volume = {193},
    url = {https://doi.org/10.1007/s10909-018-1980-6},
    doi = {10.1007/s10909-018-1980-6},
    issn = {1573-7357}
}

@article{Hill2018a,
    title = {{A Large-Diameter Cryogenic Rotation Stage for Half-Wave Plate Polarization Modulation on the POLARBEAR-2 Experiment}},
    year = {2018},
    journal = {Journal of Low Temperature Physics},
    author = {Hill, C.A. and Kusaka, A. and Barton, P. and Bixler, B. and Droster, A.G. and Flament, M. and Ganjam, S. and Jadbabaie, A. and Jeong, O. and Lee, A.T. and Madurowicz, A. and Matsuda, F.T. and Matsumura, T. and Rutkowski, A. and Sakurai, Y. and Sponseller, D.R. and Suzuki, A. and Tat, R.},
    number = {5-6},
    volume = {193},
    doi = {10.1007/s10909-018-1980-6},
    issn = {15737357},
    keywords = {Cosmic microwave background, Cryogenic, Half-wave plate, Modulation, POLARBEAR, Polarization, Superconducting magnetic bearing}
}

@article{johnson_large-diameter_2017,
    title = {{A large-diameter hollow-shaft cryogenic motor based on a superconducting magnetic bearing for millimeter-wave polarimetry}},
    year = {2017},
    journal = {Review of Scientific Instruments},
    author = {Johnson, B R and Columbro, F and Araujo, D and {others}},
    number = {10},
    month = {10},
    pages = {105102},
    volume = {88},
    url = {https://aip.scitation.org/doi/10.1063/1.4990884},
    doi = {10.1063/1.4990884},
    issn = {0034-6748}
}

@article{the_polarbear_collaboration_measurement_2020,
    title = {{A measurement of the CMB E-mode angular power spectrum at subdegree scales from 670 square degrees of POLARBEAR data}},
    year = {2020},
    journal = {Submitted to the Astrophysical Journal},
    author = {{The POLARBEAR Collaboration}},
    month = {5},
    url = {http://arxiv.org/abs/2005.06168},
    keywords = {Astrophysics - Cosmology and Nongalactic Astrophys}
}

@article{the_polarbear_collaboration_measurement_2017,
    title = {{A Measurement of the Cosmic Microwave Background B-Mode Polarization Power Spectrum at Sub-Degree Scales from 2 years of POLARBEAR Data}},
    year = {2017},
    journal = {The Astrophysical Journal},
    author = {{The POLARBEAR Collaboration}},
    number = {2},
    month = {10},
    pages = {121},
    volume = {848},
    url = {http://arxiv.org/abs/1705.02907},
    doi = {10.3847/1538-4357/aa8e9f},
    issn = {1538-4357},
    keywords = {Astrophysics - Cosmology and Nongalactic Astrophys}
}

@article{Ade2017,
    title = {{A Measurement of the Cosmic Microwave Background B-mode Polarization Power Spectrum at Subdegree Scales from Two Years of polarbear Data}},
    year = {2017},
    journal = {Astrophysical Journal},
    author = {Ade, P.A.R. and Aguilar, M. and Akiba, Y. and Arnold, K. and Baccigalupi, C. and Barron, D. and Beck, D. and Bianchini, F. and Boettger, D. and Borrill, J. and Chapman, S. and Chinone, Y. and Crowley, K. and Cukierman, A. and D{\"{u}}nner, R. and Dobbs, M. and Ducout, A. and Elleflot, T. and Errard, J. and Fabbian, G. and Feeney, S.M. and Feng, C. and Fujino, T. and Galitzki, N. and Gilbert, A. and Goeckner-Wald, N. and Groh, J.C. and Hall, G. and Halverson, N. and Hamada, T. and Hasegawa, M. and Hazumi, M. and Hill, C.A. and Howe, L. and Inoue, Y. and Jaehnig, G. and Jaffe, A.H. and Jeong, O. and Kaneko, D. and Katayama, N. and Keating, B. and Keskitalo, R. and Kisner, T. and Krachmalnicoff, N. and Kusaka, A. and Jeune, M.L. and Lee, A.T. and Leitch, E.M. and Leon, D. and Linder, E. and Lowry, L. and Matsuda, F. and Matsumura, T. and Minami, Y. and Montgomery, J. and Navaroli, M. and Nishino, H. and Paar, H. and Peloton, J. and Pham, A.T.P. and Poletti, D. and Puglisi, G. and Reichardt, C.L. and Richards, P.L. and Ross, C. and Segawa, Y. and Sherwin, B.D. and Silva-Feaver, M. and Siritanasak, P. and Stebor, N. and Stompor, R. and Suzuki, A. and Tajima, O. and Takakura, S. and Takatori, S. and Tanabe, D. and Teply, G.P. and Tomaru, T. and Tucker, C. and Whitehorn, N. and Zahn, A.},
    number = {2},
    volume = {848},
    doi = {10.3847/1538-4357/aa8e9f},
    issn = {15384357},
    keywords = {cosmic background radiation, cosmology: observations, large-scale structure of universe}
}

@article{wu_measurement_2019,
    title = {{A Measurement of the Cosmic Microwave Background Lensing Potential and Power Spectrum from 500 deg2 of SPTpol Temperature and Polarization Data}},
    year = {2019},
    journal = {The Astrophysical Journal},
    author = {Wu, W L K and Mocanu, L M and {The South Pole Telescope Collaboration}},
    number = {1},
    month = {10},
    pages = {70},
    volume = {884},
    url = {https://doi.org/10.3847%2F1538-4357%2Fab4186},
    doi = {10.3847/1538-4357/ab4186},
    issn = {0004-637X}
}

@article{the_polarbear_collaboration_measurement_2019,
    title = {{A Measurement of the Degree Scale CMB B-mode Angular Power Spectrum with POLARBEAR}},
    year = {2019},
    journal = {Submitted to the Astrophysical Journal},
    author = {{The POLARBEAR Collaboration}},
    month = {10},
    url = {http://arxiv.org/abs/1910.02608},
    keywords = {Astrophysics - Cosmology and Nongalactic Astrophys}
}

@article{ThePOLARBEARCollaboration2020,
    title = {{A Measurement of the Degree-scale CMB B -mode Angular Power Spectrum with POLARBEAR}},
    year = {2020},
    journal = {The Astrophysical Journal},
    author = {{The POLARBEAR Collaboration}},
    number = {1},
    month = {7},
    pages = {55},
    volume = {897},
    publisher = {IOP Publishing},
    url = {https://iopscience.iop.org/article/10.3847/1538-4357/ab8f24},
    doi = {10.3847/1538-4357/ab8f24},
    issn = {1538-4357}
}

@article{linde_new_1982,
    title = {{A new inflationary universe scenario: A possible solution of the horizon, flatness, homogeneity, isotropy and primordial monopole problems}},
    shorttitle = {A new inflationary universe scenario},
    year = {1982},
    journal = {Physics Letters B},
    author = {Linde, A D},
    month = {2},
    pages = {389--393},
    volume = {108},
    url = {http://adsabs.harvard.edu/abs/1982PhLB..108..389L},
    doi = {10.1016/0370-2693(82)91219-9},
    issn = {0370-2693}
}

@article{mather_preliminary_1990,
    title = {{A preliminary measurement of the cosmic microwave background spectrum by the Cosmic Background Explorer (COBE) satellite}},
    year = {1990},
    journal = {The Astrophysical Journal Letters},
    author = {Mather, J C and Cheng, E S and Eplee Jr., R E and {others}},
    month = {5},
    pages = {L37--L40},
    volume = {354},
    url = {http://adsabs.harvard.edu/abs/1990ApJ...354L..37M},
    doi = {10.1086/185717},
    issn = {0004-637X},
    keywords = {Astronomical Spectroscopy, Black Body Radiation, Cosmic Background Explorer Satellite, Cosmic Dust, Infrared Spectrophotometers, Red Shift, Relic Radiation}
}

@article{kamionkowski_probe_1997,
    title = {{A Probe of Primordial Gravity Waves and Vorticity}},
    year = {1997},
    journal = {Physical Review Letters},
    author = {Kamionkowski, Marc and Kosowsky, Arthur and Stebbins, Albert},
    number = {11},
    month = {3},
    pages = {2058--2061},
    volume = {78},
    url = {http://arxiv.org/abs/astro-ph/9609132},
    doi = {10.1103/PhysRevLett.78.2058},
    issn = {0031-9007, 1079-7114},
    keywords = {Astrophysics, High Energy Physics - Phenomenology}
}

@article{wolf_radiometric_1976,
    title = {{A radiometric generalization of the Van Cittert-Zernike theorem for fields generated by sources of arbitrary state of coherence}},
    year = {1976},
    journal = {Optics Communications},
    author = {Wolf, E and Carter, William H},
    number = {3},
    month = {3},
    pages = {297--302},
    volume = {16},
    url = {http://www.sciencedirect.com/science/article/pii/0030401876900018},
    doi = {10.1016/0030-4018(76)90001-8},
    issn = {0030-4018}
}

@article{hubble_relation_1929,
    title = {{A relation between distance and radial velocity among extra-galactic nebulae}},
    year = {1929},
    journal = {Proceedings of the National Academy of Sciences},
    author = {Hubble, Edwin},
    number = {3},
    month = {3},
    pages = {168--173},
    volume = {15},
    url = {https://www.pnas.org/content/15/3/168},
    doi = {10.1073/pnas.15.3.168},
    issn = {0027-8424, 1091-6490},
    pmid = {16577160}
}

@article{pancharatnam_achromatic_1955,
    title = {{Achromatic combinations of birefringent plates}},
    year = {1955},
    journal = {Proceedings of the Indian Academy of Sciences - Section A},
    author = {Pancharatnam, S},
    number = {4},
    month = {4},
    pages = {137--144},
    volume = {41},
    url = {https://doi.org/10.1007/BF03047098},
    doi = {10.1007/BF03047098},
    issn = {0370-0089}
}

@article{pisano_achromatic_2006,
    title = {{Achromatic half-wave plate for submillimeter instruments in cosmic microwave background astronomy: experimental characterization}},
    shorttitle = {Achromatic half-wave plate for submillimeter instr},
    year = {2006},
    journal = {Applied Optics},
    author = {Pisano, Giampaolo and Savini, Giorgio and Ade, Peter A R and Haynes, Vic and Gear, Walter K},
    number = {27},
    month = {9},
    pages = {6982--6989},
    volume = {45},
    url = {https://www.osapublishing.org/ao/abstract.cfm?uri=ao-45-27-6982},
    doi = {10.1364/AO.45.006982},
    issn = {2155-3165},
    keywords = {Antireflection coatings, Astronomical optics, Coherence, Phase shift, Polarization, Wave plates}
}

@article{koopman_advanced_2018,
    title = {{Advanced ACTPol Low-Frequency Array: Readout and Characterization of Prototype 27 and 39 GHz Transition Edge Sensors}},
    shorttitle = {Advanced {\{}ACTPol{\}} {\{}Low{\}}-{\{}Frequency{\}} {\{}Array{\}}},
    year = {2018},
    journal = {Journal of Low Temperature Physics},
    author = {Koopman, B J and {others}},
    month = {5},
    pages = {1--9},
    url = {https://link.springer.com/article/10.1007/s10909-018-1957-5},
    doi = {10.1007/s10909-018-1957-5},
    issn = {0022-2291, 1573-7357}
}

@article{zaldarriaga_all-sky_1997,
    title = {{An All-Sky Analysis of Polarization in the Microwave Background}},
    year = {1997},
    journal = {Physical Review D},
    author = {Zaldarriaga, Matias and Seljak, Uros},
    number = {4},
    month = {2},
    pages = {1830--1840},
    volume = {55},
    url = {http://arxiv.org/abs/astro-ph/9609170},
    doi = {10.1103/PhysRevD.55.1830},
    issn = {0556-2821, 1089-4918},
    keywords = {Astrophysics}
}

@article{irwin_application_1995,
    title = {{An application of electrothermal feedback for high resolution cryogenic particle detection}},
    year = {1995},
    journal = {Applied Physics Letters},
    author = {Irwin, K D},
    number = {15},
    month = {4},
    pages = {1998--2000},
    volume = {66},
    url = {https://aip.scitation.org/doi/10.1063/1.113674},
    doi = {10.1063/1.113674},
    issn = {0003-6951}
}

@article{wolf_angular_1975,
    title = {{Angular distribution of radiant intensity from sources of different degrees of spatial coherence}},
    year = {1975},
    journal = {Optics Communications},
    author = {Wolf, E and Carter, William H},
    number = {3},
    month = {3},
    pages = {205--209},
    volume = {13},
    url = {http://www.sciencedirect.com/science/article/pii/0030401875900814},
    doi = {10.1016/0030-4018(75)90081-4},
    issn = {0030-4018}
}

@article{brown_apparent_1952,
    title = {{Apparent Angular Sizes of Discrete Radio Sources: Observations at Jodrell Bank, Manchester}},
    year = {1952},
    journal = {Nature},
    author = {Brown, R Hanbury and Jennison, R C and Gupta, M K Das},
    number = {4338},
    month = {12},
    pages = {1061--1063},
    volume = {170},
    url = {http://www.nature.com/articles/1701061a0},
    doi = {10.1038/1701061a0},
    issn = {1476-4687}
}

@article{the_bicep-2_and_keck_collaborations_bicep2_2015,
    title = {{BICEP2 / Keck Array V: Measurements of B-mode Polarization at Degree Angular Scales and 150 GHz by the Keck Array}},
    shorttitle = {{\{}BICEP2{\}} / {\{}Keck{\}} {\{}Array{\}} {\{}V{\}}},
    year = {2015},
    journal = {The Astrophysical Journal},
    author = {{The BICEP-2 and Keck Collaborations}},
    number = {2},
    month = {9},
    pages = {126},
    volume = {811},
    url = {http://arxiv.org/abs/1502.00643},
    doi = {10.1088/0004-637X/811/2/126},
    issn = {1538-4357},
    keywords = {Astrophysics - Cosmology and Nongalactic Astrophys}
}

@article{the_bicep-2_and_keck_collaborations_bicep2_2016,
    title = {{BICEP2 / Keck Array VIII: Measurement of gravitational lensing from large-scale B-mode polarization}},
    shorttitle = {{\{}BICEP2{\}} / {\{}Keck{\}} {\{}Array{\}} {\{}VIII{\}}},
    year = {2016},
    journal = {The Astrophysical Journal},
    author = {{The BICEP-2 and Keck Collaborations}},
    number = {2},
    month = {12},
    pages = {228},
    volume = {833},
    url = {http://arxiv.org/abs/1606.01968},
    doi = {10.3847/1538-4357/833/2/228},
    issn = {1538-4357},
    keywords = {Astrophysics - Cosmology and Nongalactic Astrophys}
}

@inproceedings{Hui2016,
    title = {{BICEP3 focal plane design and detector performance}},
    year = {2016},
    booktitle = {Millimeter, Submillimeter, and Far-Infrared Detectors and Instrumentation for Astronomy VIII},
    author = {Hui, H. and Ade, P. A. R. and Ahmed, Z. and Alexander, K. D. and Amiri, M. and Barkats, D. and Benton, S. J. and Bischoff, C. A. and Bock, J. J. and Boenish, H. and Bowens-Rubin, R. and Bowens-Rubin, R. and Buder, I. and Bullock, E. and Buza, V. and Connors, J. and Filippini, J. P. and Fliescher, S. and Grayson, J. A. and Halpern, M. and Harrison, S. and Hilton, G. C. and Hristov, V. V. and Irwin, K. D. and Kang, J. and Karkare, K. S. and Karpel, E. and Kefeli, S. and Kernasovskiy, S. A. and Kovac, J. M. and Kuo, C. L. and Leitch, E. M. and Lueker, M. and Megerian, K. G. and Monticue, V. and Namikawa, T. and Netterfield, C. B. and Nguyen, H. T. and O'Brient, R. and Ogburn, R. W. and Pryke, C. and Reintsema, C. D. and Richter, S. and Schwarz, R. and Sorensen, C. and Sheehy, C. D. and Staniszewski, Z. K. and Steinbach, B. and Teply, G. P. and Thompson, K. L. and Tolan, J. E. and Tucker, C. and Turner, A. D. and Vieregg, A. G. and Wandui, A. and Weber, A. C. and Wiebe, D. V. and Willmert, J. and Wu, W. L. K. and Yoon, K. W.},
    editor = {Holland, Wayne S. and Zmuidzinas, Jonas},
    number = {27},
    month = {7},
    pages = {99140T},
    volume = {9914},
    publisher = {SPIE},
    url = {http://proceedings.spiedigitallibrary.org/proceeding.aspx?doi=10.1117/12.2232986},
    isbn = {9781510602076},
    doi = {10.1117/12.2232986},
    issn = {1996756X},
    arxivId = {1607.06861},
    keywords = {BICEP, Cosmic Microwave Background, Keck Array, Polarization}
}

@inproceedings{hill_bolocalc_2018,
    title = {{BoloCalc: a sensitivity calculator for the design of Simons Observatory}},
    shorttitle = {BoloCalc},
    year = {2018},
    booktitle = {Millimeter, Submillimeter, and Far-Infrared Detectors and Instrumentation for Astronomy IX},
    author = {Hill, Charles A and Bruno, Sarah Marie M and Simon, Sara M and {The Simons Observatory Collaboration}},
    month = {7},
    pages = {1070842},
    volume = {10708},
    publisher = {International Society for Optics and Photonics},
    url = {https://www.spiedigitallibrary.org/conference-proceedings-of-spie/10708/1070842/BoloCalc--a-sensitivity-calculator-for-the-design-of-Simons/10.1117/12.2313916.short},
    doi = {10.1117/12.2313916}
}

@inproceedings{Hill2018,
    title = {{BoloCalc: A sensitivity calculator for the design of Simons Observatory}},
    year = {2018},
    booktitle = {Proceedings of SPIE - The International Society for Optical Engineering},
    author = {Hill, C.A. and Bruno, S.M.M. and Simon, S.M. and Ali, A. and Arnold, K.S. and Ashton, P.C. and Barron, D. and Bryan, S. and Chinone, Y. and Coppi, G. and Crowley, K.T. and Cukierman, A. and Dicker, S. and Dunkley, J. and Fabbian, G. and Galitzki, N. and Gallardo, P.A. and Gudmundsson, J.E. and Hubmayr, J. and Keating, B. and Kusaka, A. and Lee, A.T. and Matsuda, F. and Mauskopf, P.D. and McMahon, J. and Niemack, M.D. and Puglisi, G. and Rao, M.S. and Salatino, M. and Sierra, C. and Staggs, S. and Suzuki, A. and Teply, G. and Ullom, J.N. and Westbrook, B. and Xu, Z. and Zhu, N.},
    volume = {10708},
    isbn = {9781510619692},
    doi = {10.1117/12.2313916},
    issn = {1996756X},
    keywords = {CMB, Cosmic microwave background, Simons Observatory, mapping speed, noise, noise-equivalent temperature, sensitivity}
}

@inproceedings{glenn_bolocam_1998,
    title = {{Bolocam: a millimeter-wave bolometric camera}},
    shorttitle = {Bolocam},
    year = {1998},
    booktitle = {Advanced Technology MMW, Radio, and Terahertz Telescopes},
    author = {Glenn, Jason and Bock, James J and Chattopadhyay, Goutam and {others}},
    month = {7},
    pages = {326--334},
    volume = {3357},
    publisher = {International Society for Optics and Photonics},
    url = {https://www.spiedigitallibrary.org/conference-proceedings-of-spie/3357/0000/Bolocam-a-millimeter-wave-bolometric-camera/10.1117/12.317418.short},
    doi = {10.1117/12.317418}
}

@article{mather_bolometer_1982,
    title = {{Bolometer noise: nonequilibrium theory}},
    shorttitle = {Bolometer noise},
    year = {1982},
    journal = {Applied Optics},
    author = {Mather, John C},
    number = {6},
    month = {3},
    pages = {1125--1129},
    volume = {21},
    url = {https://www.osapublishing.org/ao/abstract.cfm?uri=ao-21-6-1125},
    doi = {10.1364/AO.21.001125},
    issn = {2155-3165}
}

@article{richards_bolometers_1994,
    title = {{Bolometers for infrared and millimeter waves}},
    year = {1994},
    journal = {Journal of Applied Physics},
    author = {Richards, P L},
    number = {1},
    month = {7},
    pages = {1--24},
    volume = {76},
    url = {https://aip.scitation.org/doi/abs/10.1063/1.357128},
    doi = {10.1063/1.357128},
    issn = {0021-8979}
}

@article{Choi2018,
    title = {{Characterization of the Mid-Frequency Arrays for Advanced ACTPol}},
    year = {2018},
    journal = {Journal of Low Temperature Physics},
    author = {Choi, S. K. and Austermann, J. and Beall, J. A. and Crowley, K. T. and Datta, R. and Duff, S. M. and Gallardo, P. A. and Ho, S. P. and Hubmayr, J. and Koopman, B. J. and Li, Y. and Nati, F. and Niemack, M. D. and Page, L. A. and Salatino, M. and Simon, S. M. and Staggs, S. T. and Stevens, J. and Ullom, J. and Wollack, E. J.},
    number = {3-4},
    month = {11},
    pages = {267--275},
    volume = {193},
    publisher = {Springer New York LLC},
    url = {https://doi.org/10.1007/s10909-018-1982-4},
    doi = {10.1007/s10909-018-1982-4},
    issn = {15737357},
    arxivId = {1711.04841},
    keywords = {Advanced ACTPol, Atacama Cosmology Telescope, Cosmic microwave background, Detector efficiency, Transition-edge sensor}
}

@article{Zhang2020,
    title = {{Characterizing the Sensitivity of 40 GHz TES Bolometers for BICEP Array}},
    year = {2020},
    journal = {Journal of Low Temperature Physics},
    author = {Zhang, C. and Ade, P. A.R. and Ahmed, Z. and Amiri, M. and Barkats, D. and Thakur, R. Basu and Bischoff, C. A. and Bock, J. J. and Boenish, H. and Bullock, E. and Buza, V. and Cheshire, J. and Connors, J. and Cornelison, J. and Crumrine, M. and Cukierman, A. and Dierickx, M. and Duband, L. and Fatigoni, S. and Filippini, J. P. and Hall, G. and Halpern, M. and Harrison, S. and Henderson, S. and Hildebrandt, S. R. and Hilton, G. C. and Hui, H. and Irwin, K. D. and Kang, J. and Karkare, K. S. and Karpel, E. and Kefeli, S. and Kovac, J. M. and Kuo, C. L. and Lau, K. and Megerian, K. G. and Moncelsi, L. and Namikawa, T. and Nguyen, H. T. and O’Brient, R. and Palladino, S. and Precup, N. and Prouv{\'{e}}, T. and Pryke, C. and Racine, B. and Reintsema, C. D. and Richter, S. and Schillaci, A. and Schmitt, B. and Schwarz, R. and Sheehy, C. D. and Soliman, A. and Germaine, T. St and Steinbach, B. and Sudiwala, R. V. and Thompson, K. L. and Tucker, C. and Turner, A. D. and Umilt{\`{a}}, C. and Vieregg, A. G. and Wandui, A. and Weber, A. C. and Wiebe, D. V. and Willmert, J. and Wu, W. L.K. and Yang, E. and Yoon, K. W. and Young, E. and Yu, C.},
    number = {3-4},
    month = {5},
    pages = {968--975},
    volume = {199},
    publisher = {Springer},
    url = {https://doi.org/10.1007/s10909-020-02411-8},
    doi = {10.1007/s10909-020-02411-8},
    issn = {15737357},
    keywords = {B-Mode polarization, CMB, Cosmology, Inflation, TES}
}

@article{manzotti_cmb_2017,
    title = {{CMB Polarization B-mode Delensing with SPTpol and Herschel}},
    year = {2017},
    journal = {The Astrophysical Journal},
    author = {Manzotti, A and Story, K T and Wu, W L K and Collaboration, The South Pole Telescope},
    number = {1},
    month = {8},
    pages = {45},
    volume = {846},
    url = {https://doi.org/10.3847%2F1538-4357%2Faa82bb},
    doi = {10.3847/1538-4357/aa82bb},
    issn = {0004-637X}
}

@article{shimon_cmb_2008,
    title = {{CMB polarization systematics due to beam asymmetry: Impact on inflationary science}},
    shorttitle = {{\{}CMB{\}} polarization systematics due to beam asymmet},
    year = {2008},
    journal = {Physical Review D},
    author = {Shimon, Meir and Keating, Brian and Ponthieu, Nicolas and Hivon, Eric},
    number = {8},
    month = {4},
    pages = {83003},
    volume = {77},
    url = {https://link.aps.org/doi/10.1103/PhysRevD.77.083003},
    doi = {10.1103/PhysRevD.77.083003}
}

@article{abazajian_cmb-s4_2016,
    title = {{CMB-S4 Science Book, First Edition}},
    year = {2016},
    journal = {arXiv:1610.02743 [astro-ph, physics:gr-qc, physics:hep-ph, physics:hep-th]},
    author = {Abazajian, Kevork N and Adshead, Peter and Ahmed, Zeeshan and {others}},
    month = {10},
    url = {http://arxiv.org/abs/1610.02743},
    keywords = {Astrophysics - Cosmology and Nongalactic Astrophys, General Relativity and Quantum Cosmology, High Energy Physics - Phenomenology, High Energy Physics - Theory}
}

@article{abitbol_cmb-s4_2017,
    title = {{CMB-S4 Technology Book, First Edition}},
    year = {2017},
    journal = {arXiv:1706.02464 [astro-ph]},
    author = {Abitbol, Maximilian H and Ahmed, Zeeshan and Barron, Darcy and {others}},
    month = {6},
    url = {http://arxiv.org/abs/1706.02464},
    keywords = {Astrophysics - Instrumentation and Methods for Ast}
}

@article{carter_coherence_1977,
    title = {{Coherence and radiometry with quasihomogeneous planar sources*}},
    year = {1977},
    journal = {JOSA},
    author = {Carter, W H and Wolf, E},
    number = {6},
    month = {6},
    pages = {785--796},
    volume = {67},
    url = {https://www.osapublishing.org/josa/abstract.cfm?uri=josa-67-6-785},
    doi = {10.1364/JOSA.67.000785},
    keywords = {Coherence theory, Fourier transforms, Light intensity, Light wavelength, Optical fields, Spatial frequency}
}

@article{wolf_coherence_1978,
    title = {{Coherence and radiometry*}},
    year = {1978},
    journal = {JOSA},
    author = {Wolf, Emil},
    number = {1},
    month = {1},
    pages = {6--17},
    volume = {68},
    url = {https://www.osapublishing.org/josa/abstract.cfm?uri=josa-68-1-6},
    doi = {10.1364/JOSA.68.000006},
    keywords = {Coherence theory, Laser beams, Optical fields, Partial coherence, Physical optics, Spatial frequency}
}

@article{Mehta1965,
    title = {{Coherence and statistics of radiation}},
    year = {1965},
    journal = {Lect.Theor.Phys.c},
    author = {Mehta, C.L.},
    pages = {345--401},
    volume = {7}
}

@article{dicke_coherence_1954,
    title = {{Coherence in Spontaneous Radiation Processes}},
    year = {1954},
    journal = {Physical Review},
    author = {Dicke, R H},
    number = {1},
    month = {1},
    pages = {99--110},
    volume = {93},
    url = {https://link.aps.org/doi/10.1103/PhysRev.93.99},
    doi = {10.1103/PhysRev.93.99}
}

@article{carter_coherence_1975,
    title = {{Coherence properties of lambertian and non-lambertian sources*}},
    year = {1975},
    journal = {JOSA},
    author = {Carter, W H and Wolf, E},
    number = {9},
    month = {9},
    pages = {1067--1071},
    volume = {65},
    url = {https://www.osapublishing.org/josa/abstract.cfm?uri=josa-65-9-1067},
    doi = {10.1364/JOSA.65.001067},
    keywords = {Coherence, Electric fields, Evanescent waves, Fourier transforms, Polarization, Spatial frequency}
}

@article{agarwal_coherence_2004,
    title = {{Coherence properties of sunlight}},
    year = {2004},
    journal = {Optics Letters},
    author = {Agarwal, Girish S and Gbur, Greg and Wolf, Emil},
    number = {5},
    month = {3},
    pages = {459--461},
    volume = {29},
    url = {http://www.osapublishing.org/ol/abstract.cfm?uri=ol-29-5-459},
    doi = {10.1364/OL.29.000459},
    issn = {1539-4794},
    keywords = {Coherence, Fresnel number, Light properties, Solar radiation}
}

@article{mehta_coherence_1964,
    title = {{Coherence Propertie{\}} of Blackbody Radiation. I. Correlation Tensors of the Classical Field}},
    year = {1964},
    journal = {Physical Review},
    author = {Mehta, C L and Wolf, E},
    number = {5A},
    month = {6},
    pages = {A1143--A1149},
    volume = {134},
    url = {https://link.aps.org/doi/10.1103/PhysRev.134.A1143},
    doi = {10.1103/PhysRev.134.A1143},
    issn = {0031-899X}
}

@article{glauber_coherent_1963,
    title = {{Coherent and Incoherent States of the Radiation Field}},
    year = {1963},
    journal = {Physical Review},
    author = {Glauber, Roy J},
    number = {6},
    month = {9},
    pages = {2766--2788},
    volume = {131},
    url = {https://link.aps.org/doi/10.1103/PhysRev.131.2766},
    doi = {10.1103/PhysRev.131.2766}
}

@inproceedings{Dicker2018,
    title = {{Cold optical design for the large aperture Simons' Observatory telescope}},
    year = {2018},
    booktitle = {Proceedings of SPIE - The International Society for Optical Engineering},
    author = {Dicker, S.R. and Gallardo, P.A. and Gudmudsson, J.E. and Mauskopf, P.D. and Ali, A. and Ashton, P.C. and Coppi, G. and Devlin, M.J. and Galitzki, N. and Ho, S.P. and Hill, C.A. and Hubmayr, J. and Keating, B. and Lee, A.T. and Limon, M. and Matsuda, F. and McMahon, J. and Niemack, M.D. and Orlowski-Scherer, J.L. and Piccirillo, L. and Salatino, M. and Simon, S.M. and Staggs, S.T. and Thornton, R. and Ullom, J.N. and Vavagiakis, E.M. and Wollack, E.J. and Xu, Z. and Zhu, N.},
    volume = {10700},
    isbn = {9781510619531},
    doi = {10.1117/12.2313444},
    issn = {1996756X},
    keywords = {Crossed Dragone, Simons Observatory, cryogenic optical design, silicon lenses}
}

@article{xu_combined_1987,
    title = {{Combined mu‐metal and niobium superconductor shielding for dc SQUID operation}},
    year = {1987},
    journal = {Review of Scientific Instruments},
    author = {Xu, Bu‐xin and Hamilton, W O},
    number = {2},
    month = {2},
    pages = {311--312},
    volume = {58},
    url = {https://aip.scitation.org/doi/10.1063/1.1139278},
    doi = {10.1063/1.1139278},
    issn = {0034-6748}
}

@article{tran_comparison_2008,
    title = {{Comparison of the crossed and the Gregorian Mizuguchi-Dragone for wide-field millimeter-wave astronomy}},
    year = {2008},
    journal = {Applied Optics},
    author = {Tran, Huan and Lee, Adrian and Hanany, Shaul and Milligan, Michael and Renbarger, Tom},
    number = {2},
    month = {1},
    pages = {103--109},
    volume = {47},
    url = {https://www.osapublishing.org/ao/abstract.cfm?uri=ao-47-2-103},
    doi = {10.1364/AO.47.000103},
    issn = {2155-3165},
    keywords = {Antennas, Detector arrays, Geometric optics, Physical optics, Polarization, Scattering}
}

@inproceedings{Sekimoto2018,
    title = {{Concept design of the LiteBIRD satellite for CMB B-mode polarization}},
    year = {2018},
    booktitle = {Proceedings of SPIE - The International Society for Optical Engineering},
    author = {Sekimoto, Y. and Ade, P. and Arnold, K. and Aumont, J. and Austermann, J. and Baccigalupi, C. and Banday, A. and Banerji, R. and Basak, S. and Beckman, S. and Bersanelli, M. and Borrill, J. and Boulanger, F. and Brown, M.L. and Bucher, M. and Calabrese, E. and Casas, F.J. and Challinor, A. and Chinone, Y. and Columbro, F. and Cukierman, A. and Curtis, D. and De Bernardis, P. and De Petris, M. and Dobbs, M. and Dotani, T. and Duband, L. and Duval, J.M. and Ducout, A. and Ebisawa, K. and Elleot, T. and Eriksen, H. and Errard, J. and Flauger, R. and Franceschet, C. and Fuskeland, U. and Ganga, K. and Gao, R.J. and Ghigna, T. and Grain, J. and Gruppuso, A. and Halverson, N. and Hargrave, P. and Hasebe, T. and Hasegawa, M. and Hattori, M. and Hazumi, M. and Henrot-Versille, S. and Hill, C. and Hirota, Y. and Hivon, E. and Hoang, T.D. and Hubmayr, J. and Ichiki, K. and Imada, H. and Ishino, H. and Jaehnig, G. and Kanai, H. and Kashima, S. and Kataoka, Y. and Katayama, N. and Kawasaki, T. and Keskitalo, R. and Kibayashi, A. and Kikuchi, T. and Kimura, K. and Kisner, T. and Kobayashi, Y. and Kogiso, N. and Kohri, K. and Komatsu, E. and Komatsu, K. and Konishi, K. and Krachmalnicoff, N. and Kuo, L.C. and Kurinsky, N. and Kushino, A. and Lamagna, L. and Lee, T.A. and Linder, E. and Maffei, B. and Maki, M. and Mangilli, A. and Martinez-Gonzalez, E. and Masi, S. and Matsumura, T. and Mennella, A. and Minami, Y. and Mistuda, K. and Molinari, D. and Montier, L. and Morgante, G. and Mot, B. and Murata, Y. and Murphy, A. and Nagai, M. and Nagata, R. and Nakamura, S. and Namikawa, T. and Natoli, P. and Nishibori, T. and Nishino, H. and Noviello, F. and O'Sullivan, C. and Ochi, H. and Ogawa, H. and Ogawa, H. and Ohsaki, H. and Ohta, I. and Okada, N. and Patanchon, G. and Piacentini, F. and Pisano, G. and Polenta, G. and Poletti, D. and Puglisi, G. and Raum, C. and Realini, S. and Remazeilles, M. and Sakurai, H. and Sakurai, Y. and Savini, G. and Sherwin, B. and Shinozaki, K. and Shiraishi, M. and Signorelli, G. and Smecher, G. and Stompor, R. and Sugai, H. and Sugiyama, S. and Suzuki, A. and Suzuki, J. and Takaku, R. and Takakura, H. and Takakura, S. and Taylor, E. and Terao, Y. and Thompson, K.L. and Thorne, B. and Tomasi, M. and Tomida, H. and Trappe, N. and Tristram, M. and Tsuji, M. and Tsujimoto, M. and Uozumi, S. and Utsunomiya, S. and Vittorio, N. and Watanabe, N. and Wehus, I. and Westbrook, B. and Winter, B. and Yamamoto, R. and Yamasaki, N. and Yanagisawa, M. and Yoshida, T. and Yumoto, J. and Zannoni, M. and Zonca, A.},
    volume = {10698},
    isbn = {9781510619494},
    doi = {10.1117/12.2313432},
    issn = {1996756X},
    keywords = {Cosmic microwave background, Cryogenic telescope, Millimeter-wave polarization, Space program}
}

@article{Hasebe2018,
    title = {{Concept Study of Optical Configurations for High-Frequency Telescope for LiteBIRD}},
    year = {2018},
    journal = {Journal of Low Temperature Physics},
    author = {Hasebe, T. and Kashima, S. and Ade, P.A.R. and Akiba, Y. and Alonso, D. and Arnold, K. and Aumont, J. and Baccigalupi, C. and Barron, D. and Basak, S. and Beckman, S. and Borrill, J. and Boulanger, F. and Bucher, M. and Calabrese, E. and Chinone, Y. and Cho, H.-M. and Cukierman, A. and Curtis, D.W. and de Haan, T. and Dobbs, M. and Dominjon, A. and Dotani, T. and Duband, L. and Ducout, A. and Dunkley, J. and Duval, J.M. and Elleflot, T. and Eriksen, H.K. and Errard, J. and Fischer, J. and Fujino, T. and Funaki, T. and Fuskeland, U. and Ganga, K. and Goeckner-Wald, N. and Grain, J. and Halverson, N.W. and Hamada, T. and Hasegawa, M. and Hattori, K. and Hattori, M. and Hayes, L. and Hazumi, M. and Hidehira, N. and Hill, C.A. and Hilton, G. and Hubmayr, J. and Ichiki, K. and Iida, T. and Imada, H. and Inoue, M. and Inoue, Y. and Irwin, K.D. and Ishino, H. and Jeong, O. and Kanai, H. and Kaneko, D. and Katayama, N. and Kawasaki, T. and Kernasovskiy, S.A. and Keskitalo, R. and Kibayashi, A. and Kida, Y. and Kimura, K. and Kisner, T. and Kohri, K. and Komatsu, E. and Komatsu, K. and Kuo, C.L. and Kurinsky, N.A. and Kusaka, A. and Lazarian, A. and Lee, A.T. and Li, D. and Linder, E. and Maffei, B. and Mangilli, A. and Maki, M. and Matsumura, T. and Matsuura, S. and Meilhan, D. and Mima, S. and Minami, Y. and Mitsuda, K. and Montier, L. and Nagai, M. and Nagasaki, T. and Nagata, R. and Nakajima, M. and Nakamura, S. and Namikawa, T. and Naruse, M. and Nishino, H. and Nitta, T. and Noguchi, T. and Ogawa, H. and Oguri, S. and Okada, N. and Okamoto, A. and Okamura, T. and Otani, C. and Patanchon, G. and Pisano, G. and Rebeiz, G. and Remazeilles, M. and Richards, P.L. and Sakai, S. and Sakurai, Y. and Sato, Y. and Sato, N. and Sawada, M. and Segawa, Y. and Sekimoto, Y. and Seljak, U. and Sherwin, B.D. and Shimizu, T. and Shinozaki, K. and Stompor, R. and Sugai, H. and Sugita, H. and Suzuki, A. and Suzuki, J. and Tajima, O. and Takada, S. and Takaku, R. and Takakura, S. and Takatori, S. and Tanabe, D. and Taylor, E. and Thompson, K.L. and Thorne, B. and Tomaru, T. and Tomida, T. and Tomita, N. and Tristram, M. and Tucker, C. and Turin, P. and Tsujimoto, M. and Uozumi, S. and Utsunomiya, S. and Uzawa, Y. and Vansyngel, F. and Wehus, I.K. and Westbrook, B. and Willer, M. and Whitehorn, N. and Yamada, Y. and Yamamoto, R. and Yamasaki, N. and Yamashita, T. and Yoshida, M.},
    number = {5-6},
    volume = {193},
    doi = {10.1007/s10909-018-1915-2},
    issn = {15737357},
    keywords = {Cosmic microwave background radiation, Inflation, Satellite, Telescope}
}

@article{the_bicep-2_and_keck_collaborations_constraints_2018,
    title = {{Constraints on Primordial Gravitational Waves Using Planck, WMAP, and New BICEP2/Keck Observations through the 2015 Season}},
    year = {2018},
    journal = {Physical Review Letters},
    author = {{The BICEP-2 and Keck Collaborations}},
    number = {22},
    month = {11},
    pages = {221301},
    volume = {121},
    url = {https://link.aps.org/doi/10.1103/PhysRevLett.121.221301},
    doi = {10.1103/PhysRevLett.121.221301}
}

@article{brown_correlation_1956,
    title = {{Correlation between Photons in two Coherent Beams of Light}},
    year = {1956},
    journal = {Nature},
    author = {Brown, R Hanbury and Twiss, R Q},
    number = {4497},
    month = {1},
    pages = {27--29},
    volume = {177},
    url = {http://www.nature.com/articles/177027a0},
    doi = {10.1038/177027a0},
    issn = {1476-4687}
}

@article{cerbino_correlations_2007,
    title = {{Correlations of light in the deep Fresnel region: An extended Van Cittert and Zernike theorem}},
    shorttitle = {Correlations of light in the deep {\{}Fresnel{\}} region},
    year = {2007},
    journal = {Physical Review A},
    author = {Cerbino, Roberto},
    number = {5},
    month = {5},
    pages = {53815},
    volume = {75},
    url = {https://link.aps.org/doi/10.1103/PhysRevA.75.053815},
    doi = {10.1103/PhysRevA.75.053815}
}

@article{lewis_cosmological_2002,
    title = {{Cosmological parameters from CMB and other data: A Monte Carlo approach}},
    shorttitle = {Cosmological parameters from {\{}CMB{\}} and other data},
    year = {2002},
    journal = {Physical Review D},
    author = {Lewis, Antony and Bridle, Sarah},
    number = {10},
    month = {11},
    pages = {103511},
    volume = {66},
    url = {https://link.aps.org/doi/10.1103/PhysRevD.66.103511},
    doi = {10.1103/PhysRevD.66.103511}
}

@article{inoue_cryogenic_2014,
    title = {{Cryogenic infrared filter made of alumina for use at millimeter wavelength}},
    year = {2014},
    journal = {Applied Optics},
    author = {Inoue, Yuki and Matsumura, Tomotake and {others}},
    number = {9},
    month = {3},
    pages = {1727--1733},
    volume = {53},
    url = {https://www.osapublishing.org/ao/abstract.cfm?uri=ao-53-9-1727},
    doi = {10.1364/AO.53.001727},
    issn = {2155-3165},
    keywords = {Absorption filters, Detector arrays, Infrared radiation, Millimeter waves, Optical elements, Optical properties}
}

@article{sherwin_delensing_2015,
    title = {{Delensing the CMB with the cosmic infrared background}},
    year = {2015},
    journal = {Physical Review D},
    author = {Sherwin, Blake D and Schmittfull, Marcel},
    number = {4},
    month = {8},
    pages = {43005},
    volume = {92},
    url = {https://link.aps.org/doi/10.1103/PhysRevD.92.043005},
    doi = {10.1103/PhysRevD.92.043005}
}

@article{komatsu_demonstration_2019,
    title = {{Demonstration of the broadband half-wave plate using the nine-layer sapphire for the cosmic microwave background polarization experiment}},
    year = {2019},
    journal = {Journal of Astronomical Telescopes, Instruments, and Systems},
    author = {Komatsu, Kunimoto and Matsumura, Tomotake and {others}},
    number = {4},
    month = {11},
    pages = {44008},
    volume = {5},
    url = {https://www.spiedigitallibrary.org/journals/Journal-of-Astronomical-Telescopes-Instruments-and-Systems/volume-5/issue-4/044008/Demonstration-of-the-broadband-half-wave-plate-using-the-nine/10.1117/1.JATIS.5.4.044008.short},
    doi = {10.1117/1.JATIS.5.4.044008},
    issn = {2329-4124, 2329-4221}
}

@article{kaneko_deployment_2020,
    title = {{Deployment of Polarbear-2A}},
    year = {2020},
    journal = {Journal of Low Temperature Physics},
    author = {Kaneko, Daisuke and {The POLARBEAR Collaboration}},
    month = {3},
    url = {https://doi.org/10.1007/s10909-020-02366-w},
    doi = {10.1007/s10909-020-02366-w},
    issn = {1573-7357}
}

@article{Kaneko2020,
    title = {{Deployment of Polarbear-2A}},
    year = {2020},
    journal = {Journal of Low Temperature Physics},
    author = {Kaneko, D. and Adachi, S. and Ade, P.A.R. and Aguilar Fa{\'{u}}ndez, M. and Akiba, Y. and Arnold, K. and Baccigalupi, C. and Barron, D. and Beck, D. and Beckman, S. and Bianchini, F. and Boettger, D. and Borrill, J. and Carron, J. and Chapman, S. and Cheung, K. and Chinone, Y. and Crowley, K. and Cukierman, A. and Dobbs, M. and D{\H{u}}nner, R. and El-Bouhargani, H. and Elleflot, T. and Errard, J. and Fabbian, G. and Feeney, S.M. and Feng, C. and Fujino, T. and Galitzki, N. and Gilbert, A. and Goeckner-Wald, N. and Groh, J. and Hall, G. and Halverson, N.W. and Hamada, T. and Hasegawa, M. and Hazumi, M. and Hill, C.A. and Howe, L. and Inoue, Y. and Jaehnig, G. and Jeong, O. and Katayama, N. and Keating, B. and Keskitalo, R. and Kikuchi, S. and Kisner, T. and Krachmalnicoff, N. and Kusaka, A. and Lee, A.T. and Leon, D. and Linder, E. and Lowry, L.N. and Mangu, A. and Matsuda, F. and Minami, Y. and Navaroli, M. and Nishino, H. and Peloton, J. and Pham, A.T.P. and Poletti, D. and Puglisi, G. and Reichardt, C.L. and Ross, C. and Segawa, Y. and Silva-Feaver, M. and Siritanasak, P. and Stebor, N. and Stompor, R. and Suzuki, A. and Tajima, O. and Takakura, S. and Takatori, S. and Tanabe, D. and Teply, G.P. and Tomaru, T. and Tsai, C. and Verges, C. and Westbrook, B. and Zhou, Y.},
    number = {3-4},
    volume = {199},
    doi = {10.1007/s10909-020-02366-w},
    issn = {15737357},
    keywords = {B-mode polarization, CMB, Millimeter wave, TES bolometer}
}

@inproceedings{howe_design_2018,
    title = {{Design and characterization of the POLARBEAR-2b and POLARBEAR-2c cosmic microwave background cryogenic receivers}},
    year = {2018},
    booktitle = {Millimeter, Submillimeter, and Far-Infrared Detectors and Instrumentation for Astronomy IX},
    author = {Howe, L and Tsai, C and Lowry, L and {others}},
    month = {7},
    pages = {107083W},
    volume = {10708},
    publisher = {International Society for Optics and Photonics},
    url = {https://www.spiedigitallibrary.org/conference-proceedings-of-spie/10708/107083W/Design-and-characterization-of-the-POLARBEAR-2b-and-POLARBEAR-2c/10.1117/12.2312821.short},
    doi = {10.1117/12.2312821}
}

@techreport{Arnold2010,
    title = {{Design and Deployment of the Polarbear Cosmic Microwave Background Polarization Experiment}},
    year = {2010},
    author = {Arnold, Kam Stahly and Welch, William J}
}

@inproceedings{Sakurai2018a,
    title = {{Design and development of a polarization modulator unit based on a continuous rotating half-wave plate for LiteBIRD}},
    year = {2018},
    booktitle = {Proceedings of SPIE - The International Society for Optical Engineering},
    author = {Sakurai, Y. and Matsumura, T. and Katayama, N. and {Others}},
    volume = {10708},
    isbn = {9781510619692},
    doi = {10.1117/12.2312391},
    issn = {1996756X},
    keywords = {Cosmic microwave background, LiteBIRD, broadband achromatic half-wave plate, cryogenic rotation mechanism, inflation, millimeter-wave polarization, polarization modulator, space program}
}

@inproceedings{hill_design_2016,
    title = {{Design and development of an ambient-temperature continuously-rotating achromatic half-wave plate for CMB polarization modulation on the POLARBEAR-2 experiment}},
    year = {2016},
    booktitle = {Millimeter, Submillimeter, and Far-Infrared Detectors and Instrumentation for Astronomy VIII},
    author = {Hill, Charles A and Beckman, Shawn and {others}},
    month = {7},
    pages = {99142U},
    volume = {9914},
    publisher = {International Society for Optics and Photonics},
    url = {https://www.spiedigitallibrary.org/conference-proceedings-of-spie/9914/99142U/Design-and-development-of-an-ambient-temperature-continuously-rotating-achromatic/10.1117/12.2232280.short},
    doi = {10.1117/12.2232280}
}

@inproceedings{Hill2016,
    title = {{Design and development of an ambient-temperature continuously-rotating achromatic half-wave plate for CMB polarization modulation on the POLARBEAR-2 experiment}},
    year = {2016},
    booktitle = {Proceedings of SPIE - The International Society for Optical Engineering},
    author = {Hill, C.A. and Beckman, S. and Chinone, Y. and Goeckner-Wald, N. and Hazumi, M. and Keating, B. and Kusaka, A. and Lee, A.T. and Matsuda, F. and Plambeck, R. and Suzuki, A. and Takakura, S.},
    volume = {9914},
    isbn = {9781510602076},
    doi = {10.1117/12.2232280},
    issn = {1996756X},
    keywords = {B-mode, Half-wave plate, Inflation, Modulation, PB2, POLARBEAR-2, Polarization, Rotation, Sapphire, Simons Array}
}

@article{Schillaci2020,
    title = {{Design and Performance of the First BICEP Array Receiver}},
    year = {2020},
    journal = {Journal of Low Temperature Physics},
    author = {Schillaci, A. and Ade, P. A.R. and Ahmed, Z. and Amiri, M. and Barkats, D. and Thakur, R. Basu and Bischoff, C. A. and Bock, J. J. and Boenish, H. and Bullock, E. and Buza, V. and Cheshire, J. and Connors, J. and Cornelison, J. and Crumrine, M. and Cukierman, A. and Dierickx, M. and Duband, L. and Fatigoni, S. and Filippini, J. P. and Hall, G. and Halpern, M. and Harrison, S. and Henderson, S. and Hildebrandt, S. R. and Hilton, G. C. and Hui, H. and Irwin, K. D. and Kang, J. and Karkare, K. S. and Karpel, E. and Kefeli, S. and Kovac, J. M. and Kuo, C. L. and Lau, K. and Megerian, K. G. and Moncelsi, L. and Namikawa, T. and Nguyen, H. T. and O’Brient, R. and Palladino, S. and Precup, N. and Prouve, T. and Pryke, C. and Racine, B. and Reintsema, C. D. and Richter, S. and Schmitt, B. L. and Schwarz, R. and Sheehy, C. D. and Soliman, A. and Germaine, T. St and Steinbach, B. and Sudiwala, R. V. and Thompson, K. L. and Tucker, C. and Turner, A. D. and Umilt{\`{a}}, C. and Vieregg, A. G. and Wandui, A. and Weber, A. C. and Wiebe, D. V. and Willmert, J. and Wu, W. L.K. and Yang, E. and Yoon, K. W. and Young, E. and Yu, C. and Zhang, C.},
    number = {3-4},
    month = {5},
    pages = {976--984},
    volume = {199},
    publisher = {Springer},
    url = {https://doi.org/10.1007/s10909-020-02394-6},
    doi = {10.1007/s10909-020-02394-6},
    issn = {15737357},
    keywords = {B-mode polarization, BICEP Array, CMB, Cosmology, Inflation}
}

@inproceedings{Sakurai2018,
    title = {{Development of a Cryogenic Remote Sensing Thermometer for CMB Polarization Experiment}},
    year = {2018},
    booktitle = {29th IEEE International Symposium on Space THz Technology},
    author = {Sakurai, Y and Matsumura, T. and Ktayama, N. and Kanai, H. and Iida, T.},
    url = {https://www.nrao.edu/meetings/isstt/papers/2018/2018169174.pdf},
    address = {Pasadena, CA}
}

@article{Madurowicz2017,
    title = {{Development of an Inductively Coupled Thermometer for a Cryogenic Half-Wave Plate}},
    year = {2017},
    journal = {APS},
    author = {Madurowicz, Alexander and Kusaka, Akito and Madurowicz, Alexander and Kusaka, Akito},
    pages = {E2.005},
    volume = {2017}
}

@article{VanCittert1934,
    title = {{Die Wahrscheinliche Schwingungsverteilung in Einer von Einer Lichtquelle Direkt Oder Mittels Einer Linse Beleuchteten Ebene}},
    year = {1934},
    journal = {Physica},
    author = {van Cittert, P. H.},
    number = {1-6},
    month = {1},
    pages = {201--210},
    volume = {1},
    publisher = {North-Holland},
    doi = {10.1016/S0031-8914(34)90026-4},
    issn = {00318914}
}

@article{chuss_diffraction_2008,
    title = {{Diffraction Considerations for Planar Detectors in the Few-Mode Limit}},
    year = {2008},
    journal = {Publications of the Astronomical Society of the Pacific},
    author = {Chuss, David T and Wollack, Edward J and Moseley, S Harvey and Withington, Stafford and Saklatvala, George},
    number = {866},
    month = {4},
    pages = {430--438},
    volume = {120},
    url = {https://doi.org/10.1086%2F587494},
    doi = {10.1086/587494},
    issn = {1538-3873}
}

@inproceedings{Bender2014,
    title = {{Digital frequency domain multiplexing readout electronics for the next generation of millimeter telescopes}},
    year = {2014},
    booktitle = {Millimeter, Submillimeter, and Far-Infrared Detectors and Instrumentation for Astronomy VII},
    author = {Bender, Amy N. and Cliche, Jean-François and de Haan, Tijmen and {others}},
    editor = {Holland, Wayne S. and Zmuidzinas, Jonas},
    month = {7},
    pages = {91531A},
    volume = {9153},
    publisher = {SPIE},
    url = {http://proceedings.spiedigitallibrary.org/proceeding.aspx?doi=10.1117/12.2054949},
    doi = {10.1117/12.2054949},
    keywords = {Field-Programmable Gate Arrays, TES bolometers, frequency domain multiplexing, readout electronics}
}

@article{seljak_direct_1999,
    title = {{Direct Signature of Evolving Gravitational Potential from Cosmic Microwave Background}},
    year = {1999},
    journal = {Physical Review D},
    author = {Seljak, Uros and Zaldarriaga, Matias},
    number = {4},
    month = {7},
    volume = {60},
    url = {http://arxiv.org/abs/astro-ph/9811123},
    doi = {10.1103/PhysRevD.60.043504},
    issn = {0556-2821, 1089-4918},
    keywords = {Astrophysics}
}

@article{postrekhin_dynamics_2001,
    title = {{Dynamics and relaxation of magnetic stress between magnet and superconductor in a levitation system}},
    year = {2001},
    journal = {IEEE Transactions on Applied Superconductivity},
    author = {Postrekhin, E and Ma, Ki Bui and Ye, Hong and Chu, Wei-Kan},
    number = {1},
    month = {3},
    pages = {1984--1987},
    volume = {11},
    doi = {10.1109/77.920242},
    issn = {1558-2515},
    keywords = {Force measurement, High temperature superconductors, Magnetic flux, Magnetic levitation, Position measurement, Stress, Superconducting magnetic energy storage, Superconducting magnets, Superconductivity, Telephony, dynamics, force, gross characteristics, height, high-temperature superconductors, levitation force, magnetic forces, magnetic levitation, magnetic levitation system, magnetic relaxation, magnetic stress, relaxation, superconducting magnets, superconductor magnet bearing reliability, zero field cooled conditions}
}

@article{hull_effect_2000,
    title = {{Effect of permanent-magnet irregularities in levitation force measurements}},
    year = {2000},
    journal = {Superconductor Science and Technology},
    author = {Hull, John R},
    number = {6},
    month = {5},
    pages = {854--856},
    volume = {13},
    url = {https://doi.org/10.1088%2F0953-2048%2F13%2F6%2F347},
    doi = {10.1088/0953-2048/13/6/347},
    issn = {0953-2048}
}

@article{Elleflot2020,
    title = {{Effect of Stray Impedance in Frequency-Division Multiplexed Readout of TES Sensors in POLARBEAR-2b}},
    year = {2020},
    journal = {Journal of Low Temperature Physics},
    author = {Elleflot, T. and Arnold, K. and Barron, D. and Crowley, K.T. and Dobbs, M. and Groh, J. and Hasegawa, M. and Hazumi, M. and Hill, C. and Howe, L. and Ito, J. and Jeong, O. and Kaneko, D. and Katayama, N. and Keating, B. and Kusaka, A. and Lee, A.T. and Lowry, L.N. and Raum, C. and Seibert, J. and Silva-Feaver, M. and Siritanasak, P. and Suzuki, A. and Takakura, S. and Takatori, S. and Tsai, C. and Westbrook, B.},
    number = {3-4},
    volume = {199},
    doi = {10.1007/s10909-020-02387-5},
    issn = {15737357},
    keywords = {Cosmic microwave background, Frequency-division multiplexing, Transition-edge sensor}
}

@article{lewis_efficient_2000,
    title = {{Efficient Computation of Cosmic Microwave Background Anisotropies in Closed Friedmann-Robertson-Walker Models}},
    year = {2000},
    journal = {The Astrophysical Journal},
    author = {Lewis, Antony and Challinor, Anthony and Lasenby, Anthony},
    number = {2},
    pages = {473},
    volume = {538},
    url = {http://stacks.iop.org/0004-637X/538/i=2/a=473},
    doi = {10.1086/309179},
    issn = {0004-637X}
}

@article{moncelsi_empirical_2014,
    title = {{Empirical modelling of the BLASTPol achromatic half-wave plate for precision submillimetre polarimetry}},
    year = {2014},
    journal = {Monthly Notices of the Royal Astronomical Society},
    author = {Moncelsi, Lorenzo and Ade, Peter A R and Angil{\`{e}}, Francesco E and {others}},
    number = {3},
    month = {1},
    pages = {2772--2789},
    volume = {437},
    url = {https://academic.oup.com/mnras/article/437/3/2772/1032340},
    doi = {10.1093/mnras/stt2090},
    issn = {0035-8711}
}

@article{rosen_epoxy-based_2013,
    title = {{Epoxy-based broadband antireflection coating for millimeter-wave optics}},
    year = {2013},
    journal = {Applied Optics},
    author = {Rosen, Darin and Suzuki, Aritoki and {others}},
    number = {33},
    month = {11},
    pages = {8102--8105},
    volume = {52},
    url = {https://www.osapublishing.org/ao/abstract.cfm?uri=ao-52-33-8102},
    doi = {10.1364/AO.52.008102},
    issn = {2155-3165},
    keywords = {Antireflection coatings, Astronomical optics, Lens fabrication, Matrix methods, Subwavelength structures, Wave propagation}
}

@article{sudarshan_equivalence_1963,
    title = {{Equivalence of Semiclassical and Quantum Mechanical Descriptions of Statistical Light Beams}},
    year = {1963},
    journal = {Physical Review Letters},
    author = {Sudarshan, E C G},
    number = {7},
    month = {4},
    pages = {277--279},
    volume = {10},
    url = {https://link.aps.org/doi/10.1103/PhysRevLett.10.277},
    doi = {10.1103/PhysRevLett.10.277}
}

@article{sakurai_estimation_2017,
    title = {{Estimation of the Heat Dissipation and the Rotor Temperature of Superconducting Magnetic Bearing Below 10 K}},
    year = {2017},
    journal = {IEEE Transactions on Applied Superconductivity},
    author = {Sakurai, Yuki and Matsumura, Tomotake and Kataza, Hirokazu and Utsunomiya, Shin and Yamamoto, Ryo},
    number = {4},
    month = {6},
    pages = {1--4},
    volume = {27},
    doi = {10.1109/TASC.2017.2672688},
    issn = {1558-2515},
    keywords = {Heating, Magnetic hysteresis, Magnetic levitation, Nonhomogeneous media, Rotors, SMB system, Superconducting magnetic bearing (SMB), Superconducting magnets, Temperature measurement, YBCO, YBCO tiles, barium compounds, cooling, copper compounds, cosmic microwave background polarization experime, heat dissipation, hysteresis contribution, hysteresis loss, levitation height, magnetic bearings, magnetic field inhomogeneity, magnetic hysteresis, polarization modulator, power 2 mW to 20 mW, ring-shaped magnet, rotor magnet, rotor temperature, spin-down measurements, superconducting magnetic bearing system, superconducting magnets, temperature 10 K, yttrium compounds}
}

@article{Namikawa2019,
    title = {{Evidence for the Cross-correlation between Cosmic Microwave Background Polarization Lensing from Polarbear and Cosmic Shear from Subaru Hyper Suprime-Cam}},
    year = {2019},
    journal = {Astrophysical Journal},
    author = {Namikawa, T. and Chinone, Y. and Miyatake, H. and Oguri, M. and Takahashi, R. and Kusaka, A. and Katayama, N. and Adachi, S. and Aguilar, M. and Aihara, H. and Ali, A. and Armstrong, R. and Arnold, K. and Baccigalupi, C. and Barron, D. and Beck, D. and Beckman, S. and Bianchini, F. and Boettger, D. and Borrill, J. and Cheung, K. and Corbett, L. and Crowley, K.T. and Bouhargani, H.E. and Elleflot, T. and Errard, J. and Fabbian, G. and Feng, C. and Galitzki, N. and Goeckner-Wald, N. and Groh, J. and Hamada, T. and Hasegawa, M. and Hazumi, M. and Hill, C.A. and Howe, L. and Jeong, O. and Kaneko, D. and Keating, B. and Lee, A.T. and Leon, D. and Linder, E. and Lowry, L.N. and Mangu, A. and Matsuda, F. and Minami, Y. and Miyazaki, S. and Murayama, H. and Navaroli, M. and Nishino, H. and Nishizawa, A.J. and Pham, A.T.P. and Poletti, D. and Puglisi, G. and Reichardt, C.L. and Sherwin, B.D. and Silva-Feaver, M. and Siritanasak, P. and Speagle, J.S. and Stompor, R. and Suzuki, A. and Tait, P.J. and Tajima, O. and Takada, M. and Takakura, S. and Takatori, S. and Tanabe, D. and Tanaka, M. and Teply, G.P. and Tsai, C. and Verg{\'{e}}s, C. and Westbrook, B. and Zhou, Y.},
    number = {1},
    volume = {882},
    doi = {10.3847/1538-4357/ab3424},
    issn = {15384357},
    keywords = {cosmic background radiation, cosmology: observations, gravitational lensing: weak, polarization}
}

@article{braginsky_experimental_1987,
    title = {{Experimental observation of fundamental microwave absorption in high-quality dielectric crystals}},
    year = {1987},
    journal = {Physics Letters A},
    author = {Braginsky, V B and Ilchenko, V S and Bagdassarov, Kh. S},
    number = {6},
    month = {3},
    pages = {300--305},
    volume = {120},
    url = {http://www.sciencedirect.com/science/article/pii/0375960187906761},
    doi = {10.1016/0375-9601(87)90676-1},
    issn = {0375-9601}
}

@article{Posada2018,
    title = {{Fabrication of Detector Arrays for the SPT-3G Receiver}},
    year = {2018},
    journal = {Journal of Low Temperature Physics},
    author = {Posada, C. M. and Ade, P. A.R. and Ahmed, Z. and Anderson, A. J. and Austermann, J. E. and Avva, J. S. and Thakur, R. Basu and Bender, A. N. and Benson, B. A. and Carlstrom, J. E. and Carter, F. W. and Cecil, T. and Chang, C. L. and Cliche, J. F. and Cukierman, A. and Denison, E. V. and de Haan, T. and Ding, J. and Divan, R. and Dobbs, M. A. and Dutcher, D. and Everett, W. and Foster, A. and Gannon, R. N. and Gilbert, A. and Groh, J. C. and Halverson, N. W. and Harke-Hosemann, A. H. and Harrington, N. L. and Henning, J. W. and Hilton, G. C. and Holzapfel, W. L. and Huang, N. and Irwin, K. D. and Jeong, O. B. and Jonas, M. and Khaire, T. and Kofman, A. M. and Korman, M. and Kubik, D. and Kuhlmann, S. and Kuo, C. L. and Lee, A. T. and Lowitz, A. E. and Meyer, S. S. and Michalik, D. and Miller, C. S. and Montgomery, J. and Nadolski, A. and Natoli, T. and Nguyen, H. and Noble, G. I. and Novosad, V. and Padin, S. and Pan, Z. and Pearson, J. and Rahlin, A. and Ruhl, J. E. and Saunders, L. J. and Sayre, J. T. and Shirley, I. and Shirokoff, E. and Smecher, G. and Sobrin, J. A. and Stan, L. and Stark, A. A. and Story, K. T. and Suzuki, A. and Tang, Q. Y. and Thompson, K. L. and Tucker, C. and Vale, L. R. and Vanderlinde, K. and Vieira, J. D. and Wang, G. and Whitehorn, N. and Yefremenko, V. and Yoon, K. W. and Young, M. R.},
    number = {5-6},
    month = {12},
    pages = {703--711},
    volume = {193},
    publisher = {Springer New York LLC},
    url = {https://doi.org/10.1007/s10909-018-1924-1},
    doi = {10.1007/s10909-018-1924-1},
    issn = {15737357},
    keywords = {Bolometers, Cosmic microwave background, Multichroic sensors, SPT-3G, TES detectors}
}

@article{halpern_far_1986,
    title = {{Far infrared transmission of dielectrics at cryogenic and room temperatures: glass, Fluorogold, Eccosorb, Stycast, and various plastics}},
    shorttitle = {Far infrared transmission of dielectrics at cryoge},
    year = {1986},
    journal = {Applied Optics},
    author = {Halpern, Mark and Gush, Herbert P and Wishnow, Edward and Cosmo, Vittorio De},
    number = {4},
    month = {2},
    pages = {565--570},
    volume = {25},
    url = {https://www.osapublishing.org/ao/abstract.cfm?uri=ao-25-4-565},
    doi = {10.1364/AO.25.000565},
    issn = {2155-3165},
    keywords = {Absorption coefficient, Analog to digital converters, Optical properties, Radiation detectors, Refractive index, Temperature}
}

@article{gori_far-zone_2005,
    title = {{Far-zone approximation for partially coherent sources}},
    year = {2005},
    journal = {Optics Letters},
    author = {Gori, Franco},
    number = {21},
    month = {11},
    pages = {2840--2842},
    volume = {30},
    url = {http://www.osapublishing.org/ol/abstract.cfm?uri=ol-30-21-2840},
    doi = {10.1364/OL.30.002840},
    issn = {1539-4794},
    keywords = {Coherence, First order optics, Fourier transforms, Range finding}
}

@article{leader_far-zone_1978,
    title = {{Far-zone range criteria for quasi-homogeneous partially coherent sources*}},
    year = {1978},
    journal = {JOSA},
    author = {Leader, J Carl},
    number = {10},
    month = {10},
    pages = {1332--1338},
    volume = {68},
    url = {http://www.osapublishing.org/josa/abstract.cfm?uri=josa-68-10-1332},
    doi = {10.1364/JOSA.68.001332},
    keywords = {Diffraction theory, Fourier transforms, Fresnel zones, Partial coherence, Phase measurement, Stochastic processes}
}

@article{sutton_fast_2010,
    title = {{Fast and precise map-making for massively multi-detector CMB experiments}},
    year = {2010},
    journal = {Monthly Notices of the Royal Astronomical Society},
    author = {Sutton, D and Zuntz, J A and Ferreira, P G and {others}},
    number = {3},
    month = {9},
    pages = {1387--1402},
    volume = {407},
    url = {https://academic.oup.com/mnras/article/407/3/1387/1066006},
    doi = {10.1111/j.1365-2966.2010.16954.x},
    issn = {0035-8711}
}

@inproceedings{Simon2018a,
    title = {{Feedhorn development and scalability for Simons Observatory and beyond}},
    year = {2018},
    booktitle = {Proceedings of SPIE - The International Society for Optical Engineering},
    author = {Simon, S.M. and Golec, J.E. and Ali, A. and Austermann, J. and Beall, J.A. and Bruno, S.M.M. and Choi, S.K. and Crowley, K.T. and Dicker, S. and Dober, B. and Duff, S.M. and Healy, E. and Hill, C.A. and Ho, S.-P.P. and Hubmayr, J. and Li, Y. and Lungu, M. and McMahon, J. and Orlowski-Scherer, J. and Salatino, M. and Staggs, S. and Wollack, E.J. and Xu, Z. and Zhu, N.},
    volume = {10708},
    isbn = {9781510619692},
    doi = {10.1117/12.2313405},
    issn = {1996756X},
    keywords = {Feedhorn, Simons Observatory, fabrication, production, scalability, spline-profiled}
}

@inproceedings{Henning2012,
    title = {{Feedhorn-coupled TES polarimeter camera modules at 150 GHz for CMB polarization measurements with SPTpol}},
    year = {2012},
    booktitle = {Millimeter, Submillimeter, and Far-Infrared Detectors and Instrumentation for Astronomy VI},
    author = {Henning, J. W. and Ade, P. and Aird, K. A. and Austermann, J. E. and Beall, J. A. and Becker, D. and Benson, B. A. and Bleem, L. E. and Britton, J. and Carlstrom, J. E. and Chang, C. L. and Cho, H.-M. and Crawford, T. M. and Crites, A. T. and Datesman, A. and de Haan, T. and Dobbs, M A. and Everett, W. and Ewall-Wice, A. and George, E. M. and Halverson, N. W. and Harrington, N. and Hilton, G. C. and Holzapfel, W. L. and Hubmayr, J. and Irwin, K. D. and Karfunkle, M. and Keisler, R. and Kennedy, J. and Lee, A. T. and Leitch, E. and Li, D. and Lueker, M. and Marrone, D. P. and McMahon, J. J. and Mehl, J. and Meyer, S. S. and Montgomery, J. and Montroy, T. E. and Nagy, J. and Natoli, T. and Nibarger, J. P. and Niemack, M. D. and Novosad, V. and Padin, S. and Pryke, C. and Reichardt, C. L. and Ruhl, J. E. and Saliwanchik, B. R. and Sayre, J. T. and Schaffer, K. K. and Shirokoff, E. and Story, K. and Tucker, C. and Vanderlinde, K. and Vieira, J. D. and Wang, G. and Williamson, R. and Yefremenko, V. and Yoon, K. W. and Young, E.},
    editor = {Holland, Wayne S.},
    number = {5},
    month = {10},
    pages = {84523A},
    volume = {8452},
    publisher = {SPIE},
    url = {http://proceedings.spiedigitallibrary.org/proceeding.aspx?doi=10.1117/12.927172},
    isbn = {9780819491534},
    doi = {10.1117/12.927172},
    issn = {0277786X},
    arxivId = {1210.4969},
    keywords = {CMB, TES bolometer, cosmology, polarization}
}

@article{Lee2017,
    title = {{First Data Release of the COSMOS Ly{$\alpha$} Mapping and Tomography Observations: 3D Ly{\$}{\textbackslash}alpha{\$} Forest Tomography at 2.05 < z < 2.55}},
    year = {2017},
    journal = {Astrophys.J.Suppl.},
    author = {Lee, Khee-Gan and Krolewski, Alex and White, Martin and Schlegel, David and Nugent, Peter and Hennawi, Joseph and Pan, Richard and Font-Ribera, Andreu and Suzuki, Nao and Glazebrook, Karl and Kacprzak, Glenn and Kartaltepe, Jeyhan and Koekemoer, Anton and Lemaux, Brian and Maier, Christian and Nanayakkara, Themiya and Salvato, Mara and Tasca, Lidia and Tran, Kim-Vy},
    number = {2},
    month = {12},
    pages = {31},
    volume = {237},
    publisher = {IOP Publishing},
    url = {https://iopscience.iop.org/article/10.3847/1538-4365/227/2/21 https://iopscience.iop.org/article/10.3847/1538-4365/227/2/21/meta},
    doi = {10.3847/1538-4365},
    keywords = {[ PHYS.ASTR ] Physics [physics]/Astrophysics [astr, intergalactic medium, large-scale structure of universe, quasars: absorption lines, surveys, techniques: spectroscopic}
}

@article{stompor_forecasting_2016,
    title = {{Forecasting performance of CMB experiments in the presence of complex foreground contaminations}},
    year = {2016},
    journal = {Physical Review D},
    author = {Stompor, Radek and Errard, Josquin and Poletti, Davide},
    number = {8},
    month = {10},
    pages = {83526},
    volume = {94},
    url = {https://link.aps.org/doi/10.1103/PhysRevD.94.083526},
    doi = {10.1103/PhysRevD.94.083526}
}

@article{bennett_four-year_1996,
    title = {{Four-Year COBE* DMR Cosmic Microwave Background Observations: Maps and Basic Results}},
    shorttitle = {Four-{\{}Year{\}} {\{}COBE{\}}* {\{}DMR{\}} {\{}Cosmic{\}} {\{}Microwave{\}} {\{}Ba},
    year = {1996},
    journal = {The Astrophysical Journal Letters},
    author = {Bennett, C L and Banday, A J and G{\'{o}}rski, K M and {others}},
    number = {1},
    month = {6},
    pages = {L1},
    volume = {464},
    url = {https://iopscience.iop.org/article/10.1086/310075/meta},
    doi = {10.1086/310075},
    issn = {1538-4357}
}

@article{errard_framework_2011,
    title = {{Framework for performance forecasting and optimization of CMB B-mode observations in presence of astrophysical foregrounds}},
    year = {2011},
    journal = {Physical Review D},
    author = {Errard, Josquin and Stivoli, Federico and Stompor, Radek},
    number = {6},
    month = {9},
    volume = {84},
    url = {http://arxiv.org/abs/1105.3859},
    doi = {10.1103/PhysRevD.84.063005},
    issn = {1550-7998, 1550-2368},
    keywords = {Astrophysics - Cosmology and Nongalactic Astrophys}
}

@article{dobbs_frequency_2012,
    title = {{Frequency multiplexed superconducting quantum interference device readout of large bolometer arrays for cosmic microwave background measurements}},
    year = {2012},
    journal = {Review of Scientific Instruments},
    author = {Dobbs, M A and Lueker, M and {others}},
    number = {7},
    month = {7},
    pages = {73113},
    volume = {83},
    url = {https://aip.scitation.org/doi/10.1063/1.4737629},
    doi = {10.1063/1.4737629},
    issn = {0034-6748}
}

@article{galeazzi_fundamental_2011,
    title = {{Fundamental Noise Processes in TES Devices}},
    year = {2011},
    journal = {IEEE Transactions on Applied Superconductivity},
    author = {Galeazzi, M},
    number = {3},
    month = {6},
    pages = {267--271},
    volume = {21},
    doi = {10.1109/TASC.2010.2091243},
    issn = {1051-8223},
    keywords = {Bolometers, Detectors, Heat sinks, Noise, Phonons, Resistance, Superconducting device noise, TES devices, Thermal noise, bolometers, calorimeters, equilibrium Johnson noise, excess noise, flux-flow noise, fundamental noise processes, internal thermal fluctuation noise, monolithic device model, near equilibrium nonlinear Johnson noise, noise-limited devices, phonon noise, superconducting device noise, transition edge sensor microcalorimeters, transition edge sensors}
}

@article{seljak_gravitational_2004,
    title = {{Gravitational lensing as a contaminant of the gravity wave signal in the CMB}},
    year = {2004},
    journal = {Physical Review D},
    author = {Seljak, Uroš and Hirata, Christopher M},
    number = {4},
    month = {2},
    pages = {43005},
    volume = {69},
    url = {https://link.aps.org/doi/10.1103/PhysRevD.69.043005},
    doi = {10.1103/PhysRevD.69.043005}
}

@article{zaldarriaga_gravitational_1998,
    title = {{Gravitational lensing effect on cosmic microwave background polarization}},
    year = {1998},
    journal = {Physical Review D},
    author = {Zaldarriaga, Matias and Seljak, Uroš},
    number = {2},
    month = {6},
    pages = {23003},
    volume = {58},
    url = {https://link.aps.org/doi/10.1103/PhysRevD.58.023003},
    doi = {10.1103/PhysRevD.58.023003}
}

@article{Sakurai2020,
    title = {{Half-meter Scale Superconducting Magnetic Bearing for Cosmic Microwave Background Polarization Experiments}},
    year = {2020},
    journal = {Journal of Physics: Conference Series},
    author = {Sakurai, Yuki and Ashton, Peter and Kusaka, Akito and Hill, Charles A. and Kiuchi, Kenji and Katayama, Nobuhiko and Tajima, Osamu},
    number = {1},
    month = {7},
    pages = {012060},
    volume = {1590},
    publisher = {IOP Publishing},
    url = {https://iopscience-iop-org.libproxy.berkeley.edu/article/10.1088/1742-6596/1590/1/012060 https://iopscience-iop-org.libproxy.berkeley.edu/article/10.1088/1742-6596/1590/1/012060/meta},
    doi = {10.1088/1742-6596/1590/1/012060},
    issn = {1742-6588}
}

@article{harper_hawc_2018,
    title = {{HAWC+, the Far-Infrared Camera and Polarimeter for SOFIA}},
    year = {2018},
    journal = {Journal of Astronomical Instrumentation},
    author = {Harper, Doyal A and Runyan, Marcus C and Dowell, C Darren and Wirth, C Jesse and {others}},
    number = {04},
    month = {7},
    pages = {1840008},
    volume = {07},
    url = {https://www.worldscientific.com/doi/full/10.1142/S2251171718400081},
    doi = {10.1142/S2251171718400081},
    issn = {2251-1717}
}

@article{gorski_healpix_2005,
    title = {{HEALPix: A Framework for High-Resolution Discretization and Fast Analysis of Data Distributed on the Sphere}},
    shorttitle = {HEALPix},
    year = {2005},
    journal = {The Astrophysical Journal},
    author = {G{\'{o}}rski, K M and Hivon, E and {others}},
    number = {2},
    pages = {759},
    volume = {622},
    url = {http://stacks.iop.org/0004-637X/622/i=2/a=759},
    doi = {10.1086/427976},
    issn = {0004-637X}
}

@article{Cukierman2018,
    title = {{Hierarchical sinuous-antenna phased array for millimeter wavelengths}},
    year = {2018},
    journal = {Applied Physics Letters},
    author = {Cukierman, Ari and Lee, Adrian T. and Raum, Christopher and Suzuki, Aritoki and Westbrook, Benjamin},
    number = {13},
    month = {3},
    pages = {132601},
    volume = {112},
    publisher = {American Institute of Physics Inc.},
    url = {http://aip.scitation.org/doi/10.1063/1.5021962},
    doi = {10.1063/1.5021962},
    issn = {00036951},
    keywords = {antenna phased arrays, bolometers, electromagnetic wave polarisation, lens antennas, microwave antenna arrays, microwave detectors, microwave filters, millimetre wave antenna arrays, millimetre wave detectors, millimetre wave filters, superconducting microwave devices, superconducting transitions}
}

@article{Datta2014,
    title = {{Horn coupled multichroic polarimeters for the atacama cosmology telescope polarization experiment}},
    year = {2014},
    journal = {Journal of Low Temperature Physics},
    author = {Datta, R. and Hubmayr, J. and Munson, C. and Austermann, J. and Beall, J. and Becker, D. and Cho, H. M. and Halverson, N. and Hilton, G. and Irwin, K. and Li, D. and McMahon, J. and Newburgh, L. and Nibarger, J. and Niemack, M. and Schmitt, B. and Smith, H. and Staggs, S. and Van Lanen, J. and Wollack, E.},
    number = {5-6},
    month = {2},
    pages = {670--676},
    volume = {176},
    publisher = {Springer New York LLC},
    url = {https://link.springer.com/article/10.1007/s10909-014-1134-4},
    doi = {10.1007/s10909-014-1134-4},
    issn = {15737357},
    arxivId = {1401.8029},
    keywords = {Antireflection coating, Cosmic microwave background, Feedhorn, Millimeter-wave, Polarimeter, Silicon lenses, Superconducting detectors, TES}
}

@article{bahcall_hubble_2015,
    title = {{Hubble Law and the expanding universe}},
    year = {2015},
    journal = {Proceedings of the National Academy of Sciences},
    author = {Bahcall, Neta A},
    number = {11},
    month = {3},
    pages = {3173--3175},
    volume = {112},
    url = {https://www.pnas.org/content/112/11/3173},
    doi = {10.1073/pnas.1424299112},
    issn = {0027-8424, 1091-6490},
    pmid = {25784761}
}

@inproceedings{haan_improved_2012,
    title = {{Improved performance of TES bolometers using digital feedback}},
    year = {2012},
    booktitle = {Millimeter, Submillimeter, and Far-Infrared Detectors and Instrumentation for Astronomy VI},
    author = {Haan, Tijmen de and Smecher, Graeme and Dobbs, Matt},
    month = {9},
    pages = {84520E},
    volume = {8452},
    publisher = {International Society for Optics and Photonics},
    url = {https://www.spiedigitallibrary.org/conference-proceedings-of-spie/8452/84520E/Improved-performance-of-TES-bolometers-using-digital-feedback/10.1117/12.925658.short},
    doi = {10.1117/12.925658}
}

@article{guth_inflationary_1981,
    title = {{Inflationary universe: A possible solution to the horizon and flatness problems}},
    shorttitle = {Inflationary universe},
    year = {1981},
    journal = {Physical Review D},
    author = {Guth, Alan H},
    month = {1},
    pages = {347--356},
    volume = {23},
    url = {http://adsabs.harvard.edu/abs/1981PhRvD..23..347G},
    doi = {10.1103/PhysRevD.23.347},
    issn = {1550-7998}
}

@article{Adachi2020,
    title = {{Internal Delensing of Cosmic Microwave Background Polarization B-Modes with the POLARBEAR Experiment}},
    year = {2020},
    journal = {Physical Review Letters},
    author = {Adachi, S. and Aguilar Fa{\'{u}}ndez, M.A.O. and Akiba, Y. and Ali, A. and Arnold, K. and Baccigalupi, C. and Barron, D. and Beck, D. and Bianchini, F. and Borrill, J. and Carron, J. and Cheung, K. and Chinone, Y. and Crowley, K. and El Bouhargani, H. and Elleflot, T. and Errard, J. and Fabbian, G. and Feng, C. and Fujino, T. and Goeckner-Wald, N. and Hasegawa, M. and Hazumi, M. and Hill, C.A. and Howe, L. and Katayama, N. and Keating, B. and Kikuchi, S. and Kusaka, A. and Lee, A.T. and Leon, D. and Linder, E. and Lowry, L.N. and Matsuda, F. and Matsumura, T. and Minami, Y. and Namikawa, T. and Navaroli, M. and Nishino, H. and Peloton, J. and Pham, A.T.P. and Poletti, D. and Puglisi, G. and Reichardt, C.L. and Segawa, Y. and Sherwin, B.D. and Silva-Feaver, M. and Siritanasak, P. and Stompor, R. and Tajima, O. and Takatori, S. and Tanabe, D. and Teply, G.P. and Verg{\`{e}}s, C.},
    number = {13},
    volume = {124},
    doi = {10.1103/PhysRevLett.124.131301},
    issn = {10797114}
}

@phdthesis{ashton_interstellar_2017,
    title = {{Interstellar Dust Polarimetry with BLASTPol and BLAST-TNG}},
    year = {2017},
    author = {Ashton, Peter C},
    url = {http://adsabs.harvard.edu/abs/2017PhDT.......138A},
    school = {Northwestern University}
}

@book{Wolf2007,
    title = {{Introduction to the Theory of Coherence and Polarization of Light}},
    year = {2007},
    author = {Wolf, Emil},
    pages = {130},
    publisher = {Cambridge University Press},
    isbn = {9780521822114}
}

@inproceedings{Posada2016,
    title = {{Large arrays of dual-polarized multichroic TES detectors for CMB measurements with the SPT-3G receiver}},
    year = {2016},
    booktitle = {Millimeter, Submillimeter, and Far-Infrared Detectors and Instrumentation for Astronomy VIII},
    author = {Posada, Chrystian M. and Ade, Peter A. R. and Anderson, Adam J. and Avva, Jessica and Ahmed, Zeeshan and Arnold, Kam S. and Austermann, Jason and Bender, Amy N. and Benson, Bradford A. and Bleem, Lindsey and Byrum, Karen and Carlstrom, John E. and Carter, Faustin W. and Chang, Clarence and Cho, Hsiao-Mei and Cukierman, Ari and Czaplewski, David A. and Ding, Junjia and Divan, Ralu N. S. and de Haan, Tijmen and Dobbs, Matt and Dutcher, Daniel and Everett, Wenderline and Gannon, Renae N. and Guyser, Robert J. and Halverson, Nils W. and Harrington, Nicholas L. and Hattori, Kaori and Henning, Jason W. and Hilton, Gene C. and Holzapfel, William L. and Huang, Nicholas and Irwin, Kent D. and Jeong, Oliver and Khaire, Trupti and Korman, Milo and Kubik, Donna L. and Kuo, Chao-Lin and Lee, Adrian T. and Leitch, Erik M. and Lendinez Escudero, Sergi and Meyer, Stephan S. and Miller, Christina S. and Montgomery, Joshua and Nadolski, Andrew and Natoli, Tyler J. and Nguyen, Hogan and Novosad, Valentyn and Padin, Stephen and Pan, Zhaodi and Pearson, John E. and Rahlin, Alexandra and Reichardt, Christian L. and Ruhl, John E. and Saliwanchik, Benjamin and Shirley, Ian and Sayre, James T. and Shariff, Jamil A. and Shirokoff, Erik D. and Stan, Liliana and Stark, Antony A. and Sobrin, Joshua and Story, Kyle and Suzuki, Aritoki and Tang, Qing Yang and Thakur, Ritoban B. and Thompson, Keith L. and Tucker, Carole E. and Vanderlinde, Keith and Vieira, Joaquin D. and Wang, Gensheng and Whitehorn, Nathan and Yefremenko, Volodymyr and Yoon, Ki Won},
    editor = {Holland, Wayne S. and Zmuidzinas, Jonas},
    month = {7},
    pages = {991417},
    volume = {9914},
    publisher = {SPIE},
    url = {http://proceedings.spiedigitallibrary.org/proceeding.aspx?doi=10.1117/12.2232912},
    doi = {10.1117/12.2232912},
    keywords = {Antenna-coupled dual-polarized multichroic detecto, Bolometers, CMB, Microfabrication, SPT-3G, South Pole Telescope, Superconducting Detectors, Transition Edge Sensors}
}

@article{louis_lensing_2013,
    title = {{Lensing simulation and power spectrum estimation for high-resolution CMB polarization maps}},
    year = {2013},
    journal = {Monthly Notices of the Royal Astronomical Society},
    author = {Louis, Thibaut and N{\ae}ss, Sigurd and Das, Sudeep and Dunkley, Joanna and Sherwin, Blake},
    number = {3},
    month = {11},
    pages = {2040--2047},
    volume = {435},
    url = {https://academic.oup.com/mnras/article/435/3/2040/1021879},
    doi = {10.1093/mnras/stt1421},
    issn = {0035-8711}
}

@article{knox_limit_2002,
    title = {{Limit on the Detectability of the Energy Scale of Inflation}},
    year = {2002},
    journal = {Physical Review Letters},
    author = {Knox, Lloyd and Song, Yong-Seon},
    number = {1},
    month = {6},
    pages = {11303},
    volume = {89},
    url = {https://link.aps.org/doi/10.1103/PhysRevLett.89.011303},
    doi = {10.1103/PhysRevLett.89.011303}
}

@article{Hazumi2019,
    title = {{LiteBIRD: A Satellite for the Studies of B-Mode Polarization and Inflation from Cosmic Background Radiation Detection}},
    year = {2019},
    journal = {Journal of Low Temperature Physics},
    author = {Hazumi, M. and Ade, P.A.R. and Akiba, Y. and Alonso, D. and Arnold, K. and Aumont, J. and Baccigalupi, C. and Barron, D. and Basak, S. and Beckman, S. and Borrill, J. and Boulanger, F. and Bucher, M. and Calabrese, E. and Chinone, Y. and Cho, S. and Cukierman, A. and Curtis, D.W. and de Haan, T. and Dobbs, M. and Dominjon, A. and Dotani, T. and Duband, L. and Ducout, A. and Dunkley, J. and Duval, J.M. and Elleflot, T. and Eriksen, H.K. and Errard, J. and Fischer, J. and Fujino, T. and Funaki, T. and Fuskeland, U. and Ganga, K. and Goeckner-Wald, N. and Grain, J. and Halverson, N.W. and Hamada, T. and Hasebe, T. and Hasegawa, M. and Hattori, K. and Hattori, M. and Hayes, L. and Hidehira, N. and Hill, C.A. and Hilton, G. and Hubmayr, J. and Ichiki, K. and Iida, T. and Imada, H. and Inoue, M. and Inoue, Y. and Irwin, K.D. and Ishino, H. and Jeong, O. and Kanai, H. and Kaneko, D. and Kashima, S. and Katayama, N. and Kawasaki, T. and Kernasovskiy, S.A. and Keskitalo, R. and Kibayashi, A. and Kida, Y. and Kimura, K. and Kisner, T. and Kohri, K. and Komatsu, E. and Komatsu, K. and Kuo, C.L. and Kurinsky, N.A. and Kusaka, A. and Lazarian, A. and Lee, A.T. and Li, D. and Linder, E. and Maffei, B. and Mangilli, A. and Maki, M. and Matsumura, T. and Matsuura, S. and Meilhan, D. and Mima, S. and Minami, Y. and Mitsuda, K. and Montier, L. and Nagai, M. and Nagasaki, T. and Nagata, R. and Nakajima, M. and Nakamura, S. and Namikawa, T. and Naruse, M. and Nishino, H. and Nitta, T. and Noguchi, T. and Ogawa, H. and Oguri, S. and Okada, N. and Okamoto, A. and Okamura, T. and Otani, C. and Patanchon, G. and Pisano, G. and Rebeiz, G. and Remazeilles, M. and Richards, P.L. and Sakai, S. and Sakurai, Y. and Sato, Y. and Sato, N. and Sawada, M. and Segawa, Y. and Sekimoto, Y. and Seljak, U. and Sherwin, B.D. and Shimizu, T. and Shinozaki, K. and Stompor, R. and Sugai, H. and Sugita, H. and Suzuki, A. and Suzuki, J. and Tajima, O. and Takada, S. and Takaku, R. and Takakura, S. and Takatori, S. and Tanabe, D. and Taylor, E. and Thompson, K.L. and Thorne, B. and Tomaru, T. and Tomida, T. and Tomita, N. and Tristram, M. and Tucker, C. and Turin, P. and Tsujimoto, M. and Uozumi, S. and Utsunomiya, S. and Uzawa, Y. and Vansyngel, F. and Wehus, I.K. and Westbrook, B. and Willer, M. and Whitehorn, N. and Yamada, Y. and Yamamoto, R. and Yamasaki, N. and Yamashita, T. and Yoshida, M.},
    number = {5-6},
    volume = {194},
    doi = {10.1007/s10909-019-02150-5},
    issn = {15737357},
    keywords = {B-mode polarization, Cosmic inflation, Cosmic microwave background, Primordial gravitational wave, Quantum gravity, Satellite}
}

@inproceedings{Ishino2016,
    title = {{LiteBIRD: Lite satellite for the study of B-mode polarization and inflation from cosmic microwave background radiation detection}},
    year = {2016},
    booktitle = {Proceedings of SPIE - The International Society for Optical Engineering},
    author = {Ishino, H. and Akiba, Y. and Arnold, K. and Barron, D. and Borrill, J. and Chendra, R. and Chinone, Y. and Cho, S. and Cukierman, A. and De Haan, T. and Dobbs, M. and Dominjon, A. and Dotani, T. and Elleflot, T. and Errard, J. and Fujino, T. and Fuke, H. and Funaki, T. and Goeckner-Wald, N. and Halverson, N. and Harvey, P. and Hasebe, T. and Hasegawa, M. and Hattori, K. and Hattori, M. and Hazumi, M. and Hidehira, N. and Hill, C. and Hilton, G. and Holzapfel, W. and Hori, Y. and Hubmayr, J. and Ichiki, K. and Imada, H. and Inatani, J. and Inoue, M. and Inoue, Y. and Irie, F. and Irwin, K. and Ishitsuka, H. and Jeong, O. and Kanai, H. and Karatsu, K. and Kashima, S. and Katayama, N. and Kawano, I. and Kawasaki, T. and Keating, B. and Kernasovskiy, S. and Keskitalo, R. and Kibayashi, A. and Kida, Y. and Kimura, N. and Kimura, K. and Kisner, T. and Kohri, K. and Komatsu, E. and Komatsu, K. and Kuo, C.-L. and Kuromiya, S. and Kusaka, A. and Lee, A. and Li, D. and Linder, E. and Maki, M. and Matsuhara, H. and Matsumura, T. and Matsuoka, S. and Matsuura, S. and Mima, S. and Minami, Y. and Mitsuda, K. and Nagai, M. and Nagasaki, T. and Nagata, R. and Nakajima, M. and Nakamura, S. and Namikawa, T. and Naruse, M. and Nishibori, T. and Nishijo, K. and Nishino, H. and Noda, A. and Noguchi, T. and Ogawa, H. and Ogburn, W. and Oguri, S. and Ohta, I. and Okada, N. and Okamoto, A. and Okamura, T. and Otani, C. and Pisano, G. and Rebeiz, G. and Richards, P. and Sakai, S. and Sakurai, Y. and Sato, Y. and Sato, N. and Segawa, Y. and Sekiguchi, S. and Sekimoto, Y. and Sekine, M. and Seljak, U. and Sherwin, B. and Shimizu, T. and Shinozaki, K. and Shu, S. and Stompor, R. and Sugai, H. and Sugita, H. and Suzuki, J. and Suzuki, T. and Suzuki, A. and Tajima, O. and Takada, S. and Takakura, S. and Takano, K. and Takatori, S. and Takei, Y. and Tanabe, D. and Tomaru, T. and Tomita, N. and Turin, P. and Uozumi, S. and Utsunomiya, S. and Uzawa, Y. and Wada, T. and Watanabe, H. and Westbrook, B. and Whitehorn, N. and Yamada, Y. and Yamamoto, R. and Yamasaki, N. and Yamashita, T. and Yoshida, T. and Yoshida, M. and Yotsumoto, K.},
    volume = {9904},
    isbn = {9781510601871},
    doi = {10.1117/12.2231995},
    issn = {1996756X},
    keywords = {B-mode polarization, Cosmic microwave background, LiteBIRD}
}

@article{Matsumura2016,
    title = {{LiteBIRD: Mission Overview and Focal Plane Layout}},
    year = {2016},
    journal = {Journal of Low Temperature Physics},
    author = {Matsumura, T. and Akiba, Y. and Arnold, K. and Borrill, J. and Chendra, R. and Chinone, Y. and Cukierman, A. and de Haan, T. and Dobbs, M. and Dominjon, A. and Elleflot, T. and Errard, J. and Fujino, T. and Fuke, H. and Goeckner-wald, N. and Halverson, N. and Harvey, P. and Hasegawa, M. and Hattori, K. and Hattori, M. and Hazumi, M. and Hill, C. and Hilton, G. and Holzapfel, W. and Hori, Y. and Hubmayr, J. and Ichiki, K. and Inatani, J. and Inoue, M. and Inoue, Y. and Irie, F. and Irwin, K. and Ishino, H. and Ishitsuka, H. and Jeong, O. and Karatsu, K. and Kashima, S. and Katayama, N. and Kawano, I. and Keating, B. and Kibayashi, A. and Kibe, Y. and Kida, Y. and Kimura, K. and Kimura, N. and Kohri, K. and Komatsu, E. and Kuo, C.L. and Kuromiya, S. and Kusaka, A. and Lee, A. and Linder, E. and Matsuhara, H. and Matsuoka, S. and Matsuura, S. and Mima, S. and Mitsuda, K. and Mizukami, K. and Morii, H. and Morishima, T. and Nagai, M. and Nagasaki, T. and Nagata, R. and Nakajima, M. and Nakamura, S. and Namikawa, T. and Naruse, M. and Natsume, K. and Nishibori, T. and Nishijo, K. and Nishino, H. and Nitta, T. and Noda, A. and Noguchi, T. and Ogawa, H. and Oguri, S. and Ohta, I.S. and Otani, C. and Okada, N. and Okamoto, A. and Okamoto, A. and Okamura, T. and Rebeiz, G. and Richards, P. and Sakai, S. and Sato, N. and Sato, Y. and Segawa, Y. and Sekiguchi, S. and Sekimoto, Y. and Sekine, M. and Seljak, U. and Sherwin, B. and Shinozaki, K. and Shu, S. and Stompor, R. and Sugai, H. and Sugita, H. and Suzuki, T. and Suzuki, A. and Tajima, O. and Takada, S. and Takakura, S. and Takano, K. and Takei, Y. and Tomaru, T. and Tomita, N. and Turin, P. and Utsunomiya, S. and Uzawa, Y. and Wada, T. and Watanabe, H. and Westbrook, B. and Whitehorn, N. and Yamada, Y. and Yamasaki, N. and Yamashita, T. and Yoshida, M. and Yoshida, T. and Yotsumoto, Y.},
    number = {3-4},
    volume = {184},
    doi = {10.1007/s10909-016-1542-8},
    issn = {15737357},
    keywords = {CMB, Inflation, MKID, Polarization, Primordial B-mode, Satellite, TES bolometer}
}

@article{zeisberger_losses_1998,
    title = {{Losses in magnetic bearings}},
    year = {1998},
    journal = {Materials Science and Engineering: B},
    author = {Zeisberger, M and Gawalek, W},
    number = {1},
    month = {5},
    pages = {193--197},
    volume = {53},
    url = {http://www.sciencedirect.com/science/article/pii/S0921510797003267},
    doi = {10.1016/S0921-5107(97)00326-7},
    issn = {0921-5107},
    keywords = {Levitation, Magnetic bearings, YBaCuO}
}

@article{brown_lxxiv_1954,
    title = {{LXXIV. A new type of interferometer for use in radio astronomy}},
    year = {1954},
    journal = {The London, Edinburgh, and Dublin Philosophical Magazine and Journal of Science},
    author = {Brown, R Hanbury and Twiss, R Q},
    number = {366},
    month = {7},
    pages = {663--682},
    volume = {45},
    url = {https://doi.org/10.1080/14786440708520475},
    doi = {10.1080/14786440708520475},
    issn = {1941-5982}
}

@article{vavagiakis_magnetic_2018,
    title = {{Magnetic Sensitivity of AlMn TESes and Shielding Considerations for Next-Generation CMB Surveys}},
    year = {2018},
    journal = {Journal of Low Temperature Physics},
    author = {Vavagiakis, E M and Henderson, S W and Zheng, K and {others}},
    number = {3},
    month = {11},
    pages = {288--297},
    volume = {193},
    url = {https://doi.org/10.1007/s10909-018-1920-5},
    doi = {10.1007/s10909-018-1920-5},
    issn = {1573-7357}
}

@article{bean_magnetization_1964,
    title = {{Magnetization of High-Field Superconductors}},
    year = {1964},
    journal = {Reviews of Modern Physics},
    author = {Bean, Charles P},
    number = {1},
    month = {1},
    pages = {31--39},
    volume = {36},
    url = {https://link.aps.org/doi/10.1103/RevModPhys.36.31},
    doi = {10.1103/RevModPhys.36.31}
}

@article{Poletti2017,
    title = {{Making maps of cosmic microwave background polarization for B-mode studies: The POLARBEAR example}},
    year = {2017},
    journal = {Astronomy and Astrophysics},
    author = {Poletti, D. and Fabbian, G. and Le Jeune, M. and Peloton, J. and Arnold, K. and Baccigalupi, C. and Barron, D. and Beckman, S. and Borrill, J. and Chapman, S. and Chinone, Y. and Cukierman, A. and Ducout, A. and Elleflot, T. and Errard, J. and Feeney, S. and Goeckner-Wald, N. and Groh, J. and Hall, G. and Hasegawa, M. and Hazumi, M. and Hill, C. and Howe, L. and Inoue, Y. and Jaffe, A.H. and Jeong, O. and Katayama, N. and Keating, B. and Keskitalo, R. and Kisner, T. and Kusaka, A. and Lee, A.T. and Leon, D. and Linder, E. and Lowry, L. and Matsuda, F. and Navaroli, M. and Paar, H. and Puglisi, G. and Reichardt, C.L. and Ross, C. and Siritanasak, P. and Stebor, N. and Steinbach, B. and Stompor, R. and Suzuki, A. and Tajima, O. and Teply, G. and Whitehorn, N.},
    volume = {600},
    doi = {10.1051/0004-6361/201629467},
    issn = {14320746},
    keywords = {Cosmic background radiation, Cosmology: Observations}
}

@article{padin_mapping_2010,
    title = {{Mapping speed for an array of corrugated horns}},
    year = {2010},
    journal = {Applied Optics},
    author = {Padin, Stephen},
    number = {3},
    month = {1},
    pages = {479--483},
    volume = {49},
    url = {http://www.osapublishing.org/ao/abstract.cfm?uri=ao-49-3-479},
    doi = {10.1364/AO.49.000479},
    issn = {2155-3165},
    keywords = {Arrays, Bandpass filters, Beam shaping, Large telescopes, Optical telescopes, Quantum detectors}
}

@article{hu_mass_2002,
    title = {{Mass Reconstruction with CMB Polarization}},
    year = {2002},
    journal = {The Astrophysical Journal},
    author = {Hu, Wayne and Okamoto, Takemi},
    number = {2},
    month = {8},
    pages = {566--574},
    volume = {574},
    url = {http://arxiv.org/abs/astro-ph/0111606},
    doi = {10.1086/341110},
    issn = {0004-637X, 1538-4357},
    keywords = {Astrophysics}
}

@article{hivon_master_2002,
    title = {{MASTER of the Cosmic Microwave Background Anisotropy Power Spectrum: A Fast Method for Statistical Analysis of Large and Complex Cosmic Microwave Background Data Sets}},
    shorttitle = {{\{}MASTER{\}} of the {\{}Cosmic{\}} {\{}Microwave{\}} {\{}Background{\}}},
    year = {2002},
    journal = {The Astrophysical Journal},
    author = {Hivon, Eric and G{\'{o}}rski, Krzysztof M and Netterfield, C Barth and Crill, Brendan P and Prunet, Simon and Hansen, Frode},
    number = {1},
    pages = {2},
    volume = {567},
    url = {http://stacks.iop.org/0004-637X/567/i=1/a=2},
    doi = {10.1086/338126},
    issn = {0004-637X}
}

@article{johnson_maxipol_2007,
    title = {{MAXIPOL: Cosmic Microwave Background Polarimetry Using a Rotating Half-Wave Plate}},
    shorttitle = {MAXIPOL},
    year = {2007},
    journal = {The Astrophysical Journal},
    author = {Johnson, B R and Collins, J and {others}},
    number = {1},
    month = {8},
    pages = {42},
    volume = {665},
    url = {https://iopscience.iop.org/article/10.1086/518105/meta},
    doi = {10.1086/518105},
    issn = {0004-637X}
}

@article{Morgan1966,
    title = {{Measurement of Photon Bunching in a Thermal Light Beam}},
    year = {1966},
    journal = {Physical Review Letters},
    author = {Morgan, B. L. and Mandel, L.},
    number = {22},
    month = {5},
    pages = {1012--1015},
    volume = {16},
    publisher = {American Physical Society},
    url = {https://journals-aps-org.libproxy.berkeley.edu/prl/abstract/10.1103/PhysRevLett.16.1012},
    doi = {10.1103/PhysRevLett.16.1012},
    issn = {00319007}
}

@article{Faundez2020,
    title = {{Measurement of the cosmic microwave background polarization lensing power spectrum from two years of polarbear data}},
    year = {2020},
    journal = {Astrophysical Journal},
    author = {Fa{\'{u}}ndez, M.A. and Arnold, K. and Baccigalupi, C. and Barron, D. and Beck, D. and Beckman, S. and Bianchini, F. and Carron, J. and Cheung, K. and Chinone, Y. and Bouhargani, H.E. and Elleflot, T. and Errard, J. and Fabbian, G. and Feng, C. and Fujino, T. and Goeckner-Wald, N. and Hamada, T. and Hasegawa, M. and Hazumi, M. and Hill, C.A. and Hirose, H. and Jeong, O. and Katayama, N. and Keating, B. and Kikuchi, S. and Kusaka, A. and Lee, A.T. and Leon, D. and Linder, E. and Lowry, L.N. and Matsuda, F. and Matsumura, T. and Minami, Y. and Navaroli, M. and Nishino, H. and Pham, A.T.P. and Poletti, D. and Puglisi, G. and Reichardt, C.L. and Segawa, Y. and Sherwin, B.D. and Silva-Feaver, M. and Siritanasak, P. and Stompor, R. and Suzuki, A. and Tajima, O. and Takatori, S. and Tanabe, D. and Teply, G.P. and Tsai, C.},
    number = {1},
    volume = {893},
    doi = {10.3847/1538-4357/ab7e29},
    issn = {15384357}
}

@article{keisler_measurements_2015,
    title = {{Measurements of Sub-degree B-mode Polarization in the Cosmic Microwave Background from 100 Square Degrees of SPTpol Data}},
    year = {2015},
    journal = {The Astrophysical Journal},
    author = {Keisler, R and Hoover, S and Harrington, N and Henning, J W and The South Pole Telescope Collaboration, P A R},
    number = {2},
    month = {7},
    pages = {151},
    volume = {807},
    url = {http://arxiv.org/abs/1503.02315},
    doi = {10.1088/0004-637X/807/2/151},
    issn = {1538-4357},
    keywords = {Astrophysics - Cosmology and Nongalactic Astrophys}
}

@phdthesis{coughlin_metamaterial_2018,
    title = {{Metamaterial Optics for Precision Cosmic Microwave Background Observation}},
    year = {2018},
    author = {Coughlin, Kevin},
    url = {https://deepblue.lib.umich.edu/handle/2027.42/146072},
    school = {University of Michigan}
}

@article{dober_microwave_2017,
    title = {{Microwave SQUID multiplexer demonstration for cosmic microwave background imagers}},
    year = {2017},
    journal = {Applied Physics Letters},
    author = {Dober, B and {others}},
    number = {24},
    month = {12},
    pages = {243510},
    volume = {111},
    url = {https://aip.scitation.org/doi/10.1063/1.5008527},
    doi = {10.1063/1.5008527},
    issn = {0003-6951}
}

@article{errard_modeling_2015,
    title = {{Modeling Atmospheric Emission For CMB Ground-based Observations}},
    year = {2015},
    journal = {The Astrophysical Journal},
    author = {Errard, J and {The POLARBEAR Collaboration}},
    number = {1},
    month = {8},
    pages = {63},
    volume = {809},
    url = {https://doi.org/10.1088%2F0004-637x%2F809%2F1%2F63},
    doi = {10.1088/0004-637X/809/1/63},
    issn = {0004-637X}
}

@article{Errard2015,
    title = {{MODELING ATMOSPHERIC EMISSION for CMB GROUND-BASED OBSERVATIONS}},
    year = {2015},
    journal = {Astrophysical Journal},
    author = {Errard, J. and Ade, P.A.R. and Akiba, Y. and Arnold, K. and Atlas, M. and Baccigalupi, C. and Barron, D. and Boettger, D. and Borrill, J. and Chapman, S. and Chinone, Y. and Cukierman, A. and Delabrouille, J. and Dobbs, M. and Ducout, A. and Elleflot, T. and Fabbian, G. and Feng, C. and Feeney, S. and Gilbert, A. and Goeckner-Wald, N. and Halverson, N.W. and Hasegawa, M. and Hattori, K. and Hazumi, M. and Hill, C. and Holzapfel, W.L. and Hori, Y. and Inoue, Y. and Jaehnig, G.C. and Jaffe, A.H. and Jeong, O. and Katayama, N. and Kaufman, J. and Keating, B. and Kermish, Z. and Keskitalo, R. and Kisner, T. and Le Jeune, M. and Lee, A.T. and Leitch, E.M. and Leon, D. and Linder, E. and Matsuda, F. and Matsumura, T. and Miller, N.J. and Myers, M.J. and Navaroli, M. and Nishino, H. and Okamura, T. and Paar, H. and Peloton, J. and Poletti, D. and Puglisi, G. and Rebeiz, G. and Reichardt, C.L. and Richards, P.L. and Ross, C. and Rotermund, K.M. and Schenck, D.E. and Sherwin, B.D. and Siritanasak, P. and Smecher, G. and Stebor, N. and Steinbach, B. and Stompor, R. and Suzuki, A. and Tajima, O. and Takakura, S. and Tikhomirov, A. and Tomaru, T. and Whitehorn, N. and Wilson, B. and Yadav, A. and Zahn, O.},
    number = {1},
    volume = {809},
    doi = {10.1088/0004-637X/809/1/63},
    issn = {15384357},
    keywords = {atmospheric effects, methods: data analysis, methods: observational}
}

@article{kusaka_modulation_2014,
    title = {{Modulation of cosmic microwave background polarization with a warm rapidly rotating half-wave plate on the Atacama B-Mode Search instrument}},
    year = {2014},
    journal = {Review of Scientific Instruments},
    author = {Kusaka, A and Essinger-Hileman, T and {others}},
    number = {2},
    month = {2},
    pages = {24501},
    volume = {85},
    url = {https://aip.scitation.org/doi/10.1063/1.4862058},
    doi = {10.1063/1.4862058},
    issn = {0034-6748}
}

@article{suzuki_multichroic_2013,
    title = {{Multichroic Bolometric Detector Architecture for Cosmic Microwave Background Polarimetry Experiments}},
    year = {2013},
    journal = {Ph.D. Thesis},
    author = {Suzuki, Aritoki},
    url = {http://adsabs.harvard.edu/abs/2013PhDT.......591S},
    issn = {9781303834301}
}

@article{abazajian_neutrino_2015,
    title = {{Neutrino Physics from the Cosmic Microwave Background and Large Scale Structure}},
    year = {2015},
    journal = {Astroparticle Physics},
    author = {Abazajian, K N and Arnold, K and Austermann, J and {others}},
    month = {3},
    pages = {66--80},
    volume = {63},
    url = {http://arxiv.org/abs/1309.5383},
    doi = {10.1016/j.astropartphys.2014.05.014},
    issn = {09276505},
    keywords = {Astrophysics - Cosmology and Nongalactic Astrophys, Cosmic microwave background, Cosmology, High Energy Physics - Phenomenology, Large scale structure, Neutrinos}
}

@article{hinshaw_nine-year_2013,
    title = {{Nine-year Wilkinson Microwave Anisotropy Probe (WMAP) Observations: Cosmological Parameter Results}},
    shorttitle = {Nine-year {\{}Wilkinson{\}} {\{}Microwave{\}} {\{}Anisotropy{\}} {\{}Pr},
    year = {2013},
    journal = {The Astrophysical Journal Supplement Series},
    author = {Hinshaw, G and Larson, D and Komatsu, E and Spergel, D N and {others}},
    number = {2},
    month = {9},
    pages = {19},
    volume = {208},
    url = {https://doi.org/10.1088%2F0067-0049%2F208%2F2%2F19},
    doi = {10.1088/0067-0049/208/2/19},
    issn = {0067-0049}
}

@article{bennett_nine-year_2013,
    title = {{Nine-year Wilkinson Microwave Anisotropy Probe (WMAP) Observations: Final Maps and Results}},
    shorttitle = {Nine-year {\{}Wilkinson{\}} {\{}Microwave{\}} {\{}Anisotropy{\}} {\{}Pr},
    year = {2013},
    journal = {The Astrophysical Journal Supplement Series},
    author = {Bennett, C L and Larson, D and Weiland, J L and {others}},
    number = {2},
    month = {9},
    pages = {20},
    volume = {208},
    url = {https://doi.org/10.1088%2F0067-0049%2F208%2F2%2F20},
    doi = {10.1088/0067-0049/208/2/20},
    issn = {0067-0049}
}

@article{benford_noise_1998,
    title = {{Noise Equivalent Power of Background Limited Thermal Detectors at Submillimeter Wavelengths}},
    year = {1998},
    journal = {International Journal of Infrared and Millimeter Waves},
    author = {Benford, D J and Hunter, T R and Phillips, T G},
    number = {7},
    month = {7},
    pages = {931--938},
    volume = {19},
    url = {https://link.springer.com/article/10.1023/A:1022671223858},
    doi = {10.1023/A:1022671223858},
    issn = {0195-9271, 1572-9559}
}

@inproceedings{Mizuguchi2005,
    title = {{Offset dual reflector antenna}},
    year = {2005},
    author = {Mizuguchi, Y. and Akagawa, M. and Yokoi, H.},
    month = {3},
    pages = {2--5},
    publisher = {Institute of Electrical and Electronics Engineers (IEEE)},
    doi = {10.1109/aps.1976.1147539}
}

@article{Dragone1978,
    title = {{Offset Multireflector Antennas with Perfect Pattern Symmetry and Polarization Discrimination}},
    year = {1978},
    journal = {Bell System Technical Journal},
    author = {Dragone, C.},
    number = {7},
    pages = {2663--2684},
    volume = {57},
    doi = {10.1002/j.1538-7305.1978.tb02171.x},
    issn = {15387305}
}

@inproceedings{bryan_optical_2018,
    title = {{Optical design of the TolTEC millimeter-wave camera}},
    year = {2018},
    booktitle = {Millimeter, Submillimeter, and Far Infrared Detectors and Instrumentation for Astronomy IX},
    author = {Bryan, Sean and {others}},
    month = {7},
    pages = {107080J},
    volume = {10708},
    publisher = {International Society for Optics and Photonics},
    url = {https://www.spiedigitallibrary.org/conference-proceedings-of-spie/10708/107080J/Optical-design-of-the-TolTEC-millimeter-wave-camera/10.1117/12.2314130.short},
    doi = {10.1117/12.2314130}
}

@article{blomstedt_partial_2013,
    title = {{Partial polarization and electromagnetic spatial coherence of blackbody radiation emanating from an aperture}},
    year = {2013},
    journal = {Physical Review A},
    author = {Blomstedt, Kasimir and Set{\"{a}}l{\"{a}}, Tero and Tervo, Jani and Turunen, Jari and Friberg, Ari T},
    number = {1},
    month = {7},
    pages = {13824},
    volume = {88},
    url = {https://link.aps.org/doi/10.1103/PhysRevA.88.013824},
    doi = {10.1103/PhysRevA.88.013824}
}

@article{takakura_performance_2017,
    title = {{Performance of a continuously rotating half-wave plate on the POLARBEAR telescope}},
    year = {2017},
    journal = {Journal of Cosmology and Astroparticle Physics},
    author = {Takakura, Satoru and {The POLARBEAR Collaboration}},
    number = {05},
    month = {5},
    pages = {8},
    volume = {2017},
    url = {https://doi.org/10.1088%2F1475-7516%2F2017%2F05%2F008},
    doi = {10.1088/1475-7516/2017/05/008},
    issn = {1475-7516}
}

@article{Takakura2017,
    title = {{Performance of a continuously rotating half-wave plate on the POLARBEAR telescope}},
    year = {2017},
    journal = {Journal of Cosmology and Astroparticle Physics},
    author = {Takakura, S. and Aguilar, M. and Akiba, Y. and Arnold, K. and Baccigalupi, C. and Barron, D. and Beckman, S. and Boettger, D. and Borrill, J. and Chapman, S. and Chinone, Y. and Cukierman, A. and Ducout, A. and Elleflot, T. and Errard, J. and Fabbian, G. and Fujino, T. and Galitzki, N. and Goeckner-Wald, N. and Halverson, N.W. and Hasegawa, M. and Hattori, K. and Hazumi, M. and Hill, C. and Howe, L. and Inoue, Y. and Jaffe, A.H. and Jeong, O. and Kaneko, D. and Katayama, N. and Keating, B. and Keskitalo, R. and Kisner, T. and Krachmalnicoff, N. and Kusaka, A. and Lee, A.T. and Leon, D. and Lowry, L. and Matsuda, F. and Matsumura, T. and Navaroli, M. and Nishino, H. and Paar, H. and Peloton, J. and Poletti, D. and Puglisi, G. and Reichardt, C.L. and Ross, C. and Siritanasak, P. and Suzuki, A. and Tajima, O. and Takatori, S. and Teply, G.},
    number = {5},
    volume = {2017},
    doi = {10.1088/1475-7516/2017/05/008},
    issn = {14757516},
    keywords = {CMBR experiments, gravitational waves and CMBR polarization}
}

@inproceedings{Li2018,
    title = {{Performance of the advanced ACTPol low frequency array}},
    year = {2018},
    booktitle = {Millimeter, Submillimeter, and Far-Infrared Detectors and Instrumentation for Astronomy IX},
    author = {Li, Yaqiong and Austermann, Jason E. and Beall, James A. and Bruno, Sarah Marie and Choi, Steve K. and Cothard, Nicholas F. and Crowley, Kevin T. and Duff, Shannon M. and Gallardo, Patricio A. and Henderson, Shawn W. and Ho, Shuay-Pwu Patty and Hubmayr, Johannes and Koopman, Brian J. and McMahon, Jeff J. and Niemack, Michael D. and Salatino, Maria and Simon, Sara M. and Staggs, Suzanne T. and Stevens, Jason R. and Ullom, Joel N. and Ward, Jonathan and Wollack, Edward J.},
    editor = {Zmuidzinas, Jonas and Gao, Jian-Rong},
    month = {7},
    pages = {8},
    volume = {10708},
    publisher = {SPIE},
    url = {https://www.spiedigitallibrary.org/conference-proceedings-of-spie/10708/2313942/Performance-of-the-advanced-ACTPol-low-frequency-array/10.1117/12.2313942.full},
    isbn = {9781510619692},
    doi = {10.1117/12.2313942},
    keywords = {2018, Austin, Event: SPIE Astronomical Telescopes + Instrumentat, Texas, United States}
}

@article{matsumura_performance_2009,
    title = {{Performance of three- and five-stack achromatic half-wave plates at millimeter wavelengths}},
    year = {2009},
    journal = {Applied Optics},
    author = {Matsumura, Tomotake and Hanany, Shaul and {others}},
    number = {19},
    month = {7},
    pages = {3614--3625},
    volume = {48},
    url = {https://www.osapublishing.org/ao/abstract.cfm?uri=ao-48-19-3614},
    doi = {10.1364/AO.48.003614},
    issn = {2155-3165},
    keywords = {Fourier transform spectroscopy, Millimeter waves, Phase measurement, Polarization, Polarized light, Radiation detectors}
}

@article{glauber_photon_1963,
    title = {{Photon Correlations}},
    year = {1963},
    journal = {Physical Review Letters},
    author = {Glauber, Roy J},
    number = {3},
    month = {2},
    pages = {84--86},
    volume = {10},
    url = {https://link.aps.org/doi/10.1103/PhysRevLett.10.84},
    doi = {10.1103/PhysRevLett.10.84}
}

@article{mandel_photon_1963,
    title = {{Photon Correlations}},
    year = {1963},
    journal = {Physical Review Letters},
    author = {Mandel, L and Wolf, E},
    number = {7},
    month = {4},
    pages = {276--277},
    volume = {10},
    url = {https://link.aps.org/doi/10.1103/PhysRevLett.10.276},
    doi = {10.1103/PhysRevLett.10.276}
}

@article{lamarre_photon_1986,
    title = {{Photon noise in photometric instruments at far-infrared and submillimeter wavelengths}},
    year = {1986},
    journal = {Applied Optics},
    author = {Lamarre, J M},
    number = {6},
    month = {3},
    pages = {870--876},
    volume = {25},
    url = {https://www.osapublishing.org/ao/abstract.cfm?uri=ao-25-6-870},
    doi = {10.1364/AO.25.000870},
    issn = {2155-3165}
}

@article{planck_collaboration_planck_2019,
    title = {{Planck 2018 results. IV. Diffuse component separation}},
    year = {2019},
    journal = {Astronomy {\&} Astrophysics},
    author = {{The Planck Collaboration}},
    month = {1},
    url = {https://www.aanda.org/articles/aa/abs/forth/aa33881-18/aa33881-18.html},
    doi = {10.1051/0004-6361/201833881},
    issn = {0004-6361, 1432-0746}
}

@article{planck_collaboration_planck_2018,
    title = {{Planck 2018 results. XI. Polarized dust foregrounds}},
    year = {2018},
    journal = {Astronomy {\&} Astrophysics},
    author = {{The Planck Collaboration}},
    month = {11},
    url = {https://www.aanda.org/articles/aa/abs/forth/aa32618-18/aa32618-18.html},
    doi = {10.1051/0004-6361/201832618},
    issn = {0004-6361, 1432-0746}
}

@article{the_planck_collaboration_planck_2016,
    title = {{Planck intermediate results - XLI. A map of lensing-induced B-modes}},
    year = {2016},
    journal = {Astronomy {\&} Astrophysics},
    author = {{The Planck Collaboration}},
    month = {12},
    pages = {A102},
    volume = {596},
    url = {https://www.aanda.org/articles/aa/abs/2016/12/aa27932-15/aa27932-15.html},
    doi = {10.1051/0004-6361/201527932},
    issn = {0004-6361, 1432-0746}
}

@article{Ade2015,
    title = {{POLARBEAR constraints on cosmic birefringence and primordial magnetic fields}},
    year = {2015},
    journal = {Physical Review D - Particles, Fields, Gravitation and Cosmology},
    author = {Ade, P.A.R. and Arnold, K. and Atlas, M. and Baccigalupi, C. and Barron, D. and Boettger, D. and Borrill, J. and Chapman, S. and Chinone, Y. and Cukierman, A. and Dobbs, M. and Ducout, A. and Dunner, R. and Elleflot, T. and Errard, J. and Fabbian, G. and Feeney, S. and Feng, C. and Gilbert, A. and Goeckner-Wald, N. and Groh, J. and Hall, G. and Halverson, N.W. and Hasegawa, M. and Hattori, K. and Hazumi, M. and Hill, C. and Holzapfel, W.L. and Hori, Y. and Howe, L. and Inoue, Y. and Jaehnig, G.C. and Jaffe, A.H. and Jeong, O. and Katayama, N. and Kaufman, J.P. and Keating, B. and Kermish, Z. and Keskitalo, R. and Kisner, T. and Kusaka, A. and Le Jeune, M. and Lee, A.T. and Leitch, E.M. and Leon, D. and Li, Y. and Linder, E. and Lowry, L. and Matsuda, F. and Matsumura, T. and Miller, N. and Montgomery, J. and Myers, M.J. and Navaroli, M. and Nishino, H. and Okamura, T. and Paar, H. and Peloton, J. and Pogosian, L. and Poletti, D. and Puglisi, G. and Raum, C. and Rebeiz, G. and Reichardt, C.L. and Richards, P.L. and Ross, C. and Rotermund, K.M. and Schenck, D.E. and Sherwin, B.D. and Shimon, M. and Shirley, I. and Siritanasak, P. and Smecher, G. and Stebor, N. and Steinbach, B. and Suzuki, A. and Suzuki, J.-I. and Tajima, O. and Takakura, S. and Tikhomirov, A. and Tomaru, T. and Whitehorn, N. and Wilson, B. and Yadav, A. and Zahn, A. and Zahn, O.},
    number = {12},
    volume = {92},
    doi = {10.1103/PhysRevD.92.123509},
    issn = {15502368}
}

@inproceedings{matsumura_polarbear-2_2012,
    title = {{POLARBEAR-2 optical and polarimeter designs}},
    year = {2012},
    booktitle = {Millimeter, Submillimeter, and Far-Infrared Detectors and Instrumentation for Astronomy VI},
    author = {Matsumura, Tomotake and {The POLARBEAR Collaboration}},
    month = {10},
    pages = {84523E},
    volume = {8452},
    publisher = {International Society for Optics and Photonics},
    url = {https://www.spiedigitallibrary.org/conference-proceedings-of-spie/8452/84523E/POLARBEAR-2-optical-and-polarimeter-designs/10.1117/12.926770.short},
    doi = {10.1117/12.926770}
}

@inproceedings{Inoue2016,
    title = {{POLARBEAR-2: An instrument for CMB polarization measurements}},
    year = {2016},
    booktitle = {Proceedings of SPIE - The International Society for Optical Engineering},
    author = {Inoue, Y. and Ade, P. and Akiba, Y. and Aleman, C. and Arnold, K. and Baccigalupi, C. and Barch, B. and Barron, D. and Bender, A. and Boettger, D. and Borrill, J. and Chapman, S. and Chinone, Y. and Cukierman, A. and De Haan, T. and Dobbs, M.A. and Ducout, A. and Dunner, R. and Elleflot, T. and Errard, J. and Fabbian, G. and Feeney, S. and Feng, C. and Fuller, G. and Gilbert, A.J. and Goeckner-Wald, N. and Groh, J. and Hall, G. and Halverson, N. and Hamada, T. and Hasegawa, M. and Hattori, K. and Hazumi, M. and Hill, C. and Holzapfel, W.L. and Hori, Y. and Howe, L. and Irie, F. and Jaehnig, G. and Jaffe, A. and Jeong, O. and Katayama, N. and Kaufman, J.P. and Kazemzadeh, K. and Keating, B.G. and Kermish, Z. and Keskitalo, R. and Kisner, T.S. and Kusaka, A. and Le Jeune, M. and Lee, A.T. and Leon, D. and Linder, E.V. and Lowry, L. and Matsuda, F. and Matsumura, T. and Miller, N. and Mizukami, K. and Montgomery, J. and Navaroli, M. and Nishino, H. and Paar, H. and Peloton, J. and Poletti, D. and Puglisi, G. and Raum, C.R. and Rebeiz, G.M. and Reichardt, C.L. and Richards, P.L. and Ross, C. and Rotermund, K.M. and Segawa, Y. and Sherwin, B.D. and Shirley, I. and Siritanasak, P. and Stebor, N. and Stompor, R. and Suzuki, A. and Tajima, O. and Takada, S. and Takatori, S. and Teply, G.P. and Tikhomirov, A. and Tomaru, T. and Whitehorn, N. and Zahn, A. and Zahn, O.},
    volume = {9914},
    isbn = {9781510602076},
    doi = {10.1117/12.2231961},
    issn = {1996756X},
    keywords = {Bolometer, Cosmic Microwave Background, Gravitational Wave, IR filter, Millimeter wave, POLARBEAR-2, Polarization}
}

@article{ritacco_polarimetry_2017,
    title = {{Polarimetry at millimeter wavelengths with the NIKA camera: calibration and performance}},
    shorttitle = {Polarimetry at millimeter wavelengths with the {\{}NI},
    year = {2017},
    journal = {Astronomy {\&} Astrophysics},
    author = {Ritacco, A and Ponthieu, N and Catalano, A and {others}},
    month = {3},
    pages = {A34},
    volume = {599},
    url = {https://www.aanda.org/articles/aa/abs/2017/03/aa29666-16/aa29666-16.html},
    doi = {10.1051/0004-6361/201629666},
    issn = {0004-6361, 1432-0746}
}

@article{Woodcraft2005,
    title = {{Predicting the thermal conductivity of aluminium alloys in the cryogenic to room temperature range}},
    year = {2005},
    journal = {Cryogenics},
    author = {Woodcraft, Adam L.},
    number = {6},
    month = {6},
    pages = {421--431},
    volume = {45},
    publisher = {Elsevier},
    doi = {10.1016/j.cryogenics.2005.02.003},
    issn = {00112275},
    keywords = {Electrical conductivity (C), Metals (A), Thermal conductivity (C)}
}

@incollection{dobrovinskaya_properties_2009,
    title = {{Properties of Sapphire}},
    year = {2009},
    booktitle = {Sapphire: Material, Manufacturing, Applications},
    author = {Dobrovinskaya, Elena R and Lytvynov, Leonid A and Pishchik, Valerian},
    pages = {55--176},
    series = {Micro- and {\{}Opto{\}}-{\{}Electronic{\}} {\{}Materials{\}}, {\{}Structures{\}}, and {\{}Systems{\}}},
    publisher = {Springer US},
    url = {https://doi.org/10.1007/978-0-387-85695-7_2},
    address = {Boston, MA},
    isbn = {978-0-387-85695-7},
    doi = {10.1007/978-0-387-85695-7{\_}2}
}

@article{fano_quantum_1961,
    title = {{Quantum Theory of Interference Effects in the Mixing of Light from Phase-Independent Sources}},
    year = {1961},
    journal = {American Journal of Physics},
    author = {Fano, U},
    number = {8},
    month = {8},
    pages = {539--545},
    volume = {29},
    url = {https://aapt.scitation.org/doi/10.1119/1.1937827},
    doi = {10.1119/1.1937827},
    issn = {0002-9505}
}

@article{steinle_radiant_1977,
    title = {{Radiant intensity and spatial coherence for finite planar sources*}},
    year = {1977},
    journal = {JOSA},
    author = {Steinle, B and Baltes, H P},
    number = {2},
    month = {2},
    pages = {241--247},
    volume = {67},
    url = {https://www.osapublishing.org/josa/abstract.cfm?uri=josa-67-2-241},
    doi = {10.1364/JOSA.67.000241},
    keywords = {Fourier transforms, Inverse problems, Inverse scattering, Partial coherence, Physical optics, Spatial frequency}
}

@article{friberg_radiation_1982,
    title = {{Radiation From Partially Coherent Sources}},
    year = {1982},
    journal = {Optical Engineering},
    author = {Friberg, Ari T},
    number = {2},
    month = {4},
    pages = {212362},
    volume = {21},
    url = {https://www-spiedigitallibrary-org.libproxy.berkeley.edu/journals/Optical-Engineering/volume-21/issue-2/212362/Radiation-From-Partially-Coherent-Sources/10.1117/12.7972911.short},
    doi = {10.1117/12.7972911},
    issn = {0091-3286, 1560-2303}
}

@article{choi_radio-transparent_2013,
    title = {{Radio-transparent multi-layer insulation for radiowave receivers}},
    year = {2013},
    journal = {Review of Scientific Instruments},
    author = {Choi, J and {others}},
    number = {11},
    month = {11},
    pages = {114502},
    volume = {84},
    url = {https://aip.scitation.org/doi/10.1063/1.4827081},
    doi = {10.1063/1.4827081},
    issn = {0034-6748}
}

@article{kusaka_results_2018,
    title = {{Results from the Atacama B-mode Search (ABS) experiment}},
    year = {2018},
    journal = {Journal of Cosmology and Astroparticle Physics},
    author = {Kusaka, Akito and Appel, John and Essinger-Hileman, Thomas and {others}},
    number = {09},
    month = {9},
    pages = {5},
    volume = {2018},
    url = {https://doi.org/10.1088%2F1475-7516%2F2018%2F09%2F005},
    doi = {10.1088/1475-7516/2018/09/005},
    issn = {1475-7516}
}

@inproceedings{Chinone2020,
    title = {{Results of gravitational lensing and primordial gravitational waves from the POLARBEAR experiment}},
    year = {2020},
    booktitle = {Journal of Physics: Conference Series},
    author = {Chinone, Y. and Adachi, S. and Ade, P.A.R. and Aguilar, M. and Akiba, Y. and Arnold, K. and Baccigalupi, C. and Barron, D. and Beck, D. and Beckman, S. and Bianchini, F. and Boettger, D. and Borrill, J. and Elbouhargani, H. and Carron, J. and Chapman, S. and Cheung, K. and Crowley, K. and Cukierman, A. and D{\"{u}}nner, R. and Dobbs, M. and Ducout, A. and Elleflot, T. and Errard, J. and Fabbian, G. and Feeney, S.M. and Feng, C. and Fujino, T. and Galitzki, N. and Gilbert, A. and Goeckner-Wald, N. and Groh, J. and Groh, J.C. and Hall, G. and Halverson, N. and Hamada, T. and Hasegawa, M. and Hazumi, M. and Hill, C.A. and Howe, L. and Inoue, Y. and Jaehnig, G. and Jaffe, A.H. and Jeong, O. and Lejeune, M. and Kaneko, D. and Katayama, N. and Keating, B. and Keskitalo, R. and Kikuchi, S. and Kisner, T. and Krachmalnicoff, N. and Kusaka, A. and Lee, A.T. and Leitch, E.M. and Leon, D. and Linder, E. and Lowry, L.N. and Mangu, A. and Matsuda, F. and Matsumura, T. and Minami, Y. and Montgomery, J. and Navaroli, M. and Nishino, H. and Paar, H. and Peloton, J. and Pham, A.T.P. and Poletti, D. and Puglisi, G. and Reichardt, C.L. and Richards, P.L. and Ross, C. and Segawa, Y. and Sherwin, B.D. and Silva-Feaver, M. and Siritanasak, P. and Stebor, N. and Stompor, R. and Suzuki, A. and Tajima, O. and Takakura, S. and Takatori, S. and Tanabe, D. and Teply, G.P. and Tomaru, T. and Tsai, C. and Tucker, C. and Verges, C. and Westbrook, B. and Whitehorn, N. and Zahn, A. and Zhou, Y.},
    number = {1},
    volume = {1468},
    doi = {10.1088/1742-6596/1468/1/012007},
    issn = {17426596}
}

@article{persky_review_1999,
    title = {{Review of black surfaces for space-borne infrared systems}},
    year = {1999},
    journal = {Review of Scientific Instruments},
    author = {Persky, M J},
    number = {5},
    month = {5},
    pages = {2193--2217},
    volume = {70},
    url = {https://aip.scitation.org/doi/10.1063/1.1149739},
    doi = {10.1063/1.1149739},
    issn = {0034-6748}
}

@article{errard_robust_2016,
    title = {{Robust forecasts on fundamental physics from the foreground-obscured, gravitationally-lensed CMB polarization}},
    year = {2016},
    journal = {Journal of Cosmology and Astroparticle Physics},
    author = {Errard, Josquin and Feeney, Stephen M and Peiris, Hiranya V and Jaffe, Andrew H},
    number = {03},
    pages = {52},
    volume = {2016},
    url = {http://stacks.iop.org/1475-7516/2016/i=03/a=052},
    doi = {10.1088/1475-7516/2016/03/052},
    issn = {1475-7516}
}

@article{kesden_separation_2002,
    title = {{Separation of Gravitational-Wave and Cosmic-Shear Contributions to Cosmic Microwave Background Polarization}},
    year = {2002},
    journal = {Physical Review Letters},
    author = {Kesden, Michael and Cooray, Asantha and Kamionkowski, Marc},
    number = {1},
    month = {6},
    pages = {11304},
    volume = {89},
    url = {https://link.aps.org/doi/10.1103/PhysRevLett.89.011304},
    doi = {10.1103/PhysRevLett.89.011304}
}

@article{seljak_signature_1997,
    title = {{Signature of Gravity Waves in Polarization of the Microwave Background}},
    year = {1997},
    journal = {Physical Review Letters},
    author = {Seljak, Uros and Zaldarriaga, Matias},
    number = {11},
    month = {3},
    pages = {2054--2057},
    volume = {78},
    url = {http://arxiv.org/abs/astro-ph/9609169},
    doi = {10.1103/PhysRevLett.78.2054},
    issn = {0031-9007, 1079-7114},
    keywords = {Astrophysics, General Relativity and Quantum Cosmology}
}

@article{parshin_silicon_1995,
    title = {{Silicon as an advanced window material for high power gyrotrons}},
    year = {1995},
    journal = {International Journal of Infrared and Millimeter Waves},
    author = {Parshin, V V and Heidinger, R and {others}},
    number = {5},
    month = {5},
    pages = {863--877},
    volume = {16},
    url = {https://doi.org/10.1007/BF02066662},
    doi = {10.1007/BF02066662},
    issn = {1572-9559},
    keywords = {Dielectric Property, High Power, Sapphire, Silicon, Thermal Conductivity}
}

@article{ali_small_2020,
    title = {{Small Aperture Telescopes for the Simons Observatory}},
    year = {2020},
    journal = {Journal of Low Temperature Physics 2020},
    author = {Ali, Aamir M. and {The Simons Observatory Collaboration}},
    month = {1},
    pages = {1--11},
    publisher = {Springer},
    url = {http://arxiv.org/abs/2001.07848},
    doi = {10.1007/s10909-020-02430-5},
    issn = {15737357},
    keywords = {Characterization and Evaluation of Materials, Condensed Matter Physics, Magnetic Materials, Magnetism}
}

@article{Ali2020,
    title = {{Small Aperture Telescopes for the Simons Observatory}},
    year = {2020},
    journal = {Journal of Low Temperature Physics},
    author = {Ali, A.M. and Adachi, S. and Arnold, K. and Ashton, P. and Bazarko, A. and Chinone, Y. and Coppi, G. and Corbett, L. and Crowley, K.D. and Crowley, K.T. and Devlin, M. and Dicker, S. and Duff, S. and Ellis, C. and Galitzki, N. and Goeckner-Wald, N. and Harrington, K. and Healy, E. and Hill, C.A. and Ho, S.-P.P. and Hubmayr, J. and Keating, B. and Kiuchi, K. and Kusaka, A. and Lee, A.T. and Ludlam, M. and Mangu, A. and Matsuda, F. and McCarrick, H. and Nati, F. and Niemack, M.D. and Nishino, H. and Orlowski-Scherer, J. and Sathyanarayana Rao, M. and Raum, C. and Sakurai, Y. and Salatino, M. and Sasse, T. and Seibert, J. and Sierra, C. and Silva-Feaver, M. and Spisak, J. and Simon, S.M. and Staggs, S. and Tajima, O. and Teply, G. and Tsan, T. and Wollack, E. and Westbrook, B. and Xu, Z. and Zannoni, M. and Zhu, N.},
    doi = {10.1007/s10909-020-02430-5},
    issn = {15737357},
    keywords = {CMB, Cosmic microwave background, Cosmology, Inflation, Refractor, Simons Observatory, Small aperture telescope, TES}
}

@article{baltes_spectral_1976,
    title = {{Spectral coherence and the radiant intensity from statistically homogeneous and isotropic planar sources}},
    year = {1976},
    journal = {Optics Communications},
    author = {Baltes, H P and Steinle, B and Antes, G},
    number = {3},
    month = {8},
    pages = {242--246},
    volume = {18},
    url = {http://www.sciencedirect.com/science/article/pii/003040187690122X},
    doi = {10.1016/0030-4018(76)90122-X},
    issn = {0030-4018}
}

@inproceedings{salatino_studies_2018,
    title = {{Studies of systematic uncertainties for Simons Observatory: polarization modulator related effects}},
    shorttitle = {Studies of systematic uncertainties for {\{}Simons{\}} {\{}},
    year = {2018},
    booktitle = {Millimeter, Submillimeter, and Far Infrared Detectors and Instrumentation for Astronomy IX},
    author = {Salatino, Maria and Lashner, Jacob and Gerbino, Martina and Simon, Sara M and Didier, Joy and {others}},
    month = {7},
    pages = {1070848},
    volume = {10708},
    publisher = {International Society for Optics and Photonics},
    url = {https://www.spiedigitallibrary.org/conference-proceedings-of-spie/10708/1070848/Studies-of-systematic-uncertainties-for-Simons-Observatory--polarization-modulator/10.1117/12.2312993.short},
    doi = {10.1117/12.2312993}
}

@inproceedings{Salatino2018,
    title = {{Studies of systematic uncertainties for Simons Observatory: Polarization modulator related effects}},
    year = {2018},
    booktitle = {Proceedings of SPIE - The International Society for Optical Engineering},
    author = {Salatino, M. and Lashner, J. and Gerbino, M. and Simon, S.M. and Didier, J. and Ali, A. and Ashton, P.C. and Bryan, S. and Chinone, Y. and Coughlin, K. and Crowley, K.T. and Fabbian, G. and Galitzki, N. and Goeckner-Wald, N. and Gudmundsson, J.E. and Hill, C.A. and Keating, B. and Kusaka, A. and Lee, A.T. and McMahon, J. and Miller, A.D. and Puglisi, G. and Reichardt, C.L. and Teply, G. and Xu, Z. and Zhu, N.},
    volume = {10708},
    isbn = {9781510619692},
    doi = {10.1117/12.2312993},
    issn = {1996756X},
    keywords = {Continuously Rotating Half-Wave Plate, Cosmic Microwave Background, Intensity to Polarization Leakage, Non Linearity, Sapphire, Simons Observatory, Slant Incidence, Systematic effects}
}

@inproceedings{Gallardo2018,
    title = {{Studies of Systematic uncertainties in the Simons Observatory: Optical effects and sensitivity considerations}},
    year = {2018},
    booktitle = {Proceedings of SPIE - The International Society for Optical Engineering},
    author = {Gallardo, P.A. and Gudmundsson, J. and Koopman, B.J. and Matsuda, F.T. and Simon, S.M. and Ali, A. and Bryan, S. and Chinone, Y. and Coppi, G. and Cothard, N. and Devlin, M.J. and Dicker, S. and Fabbian, G. and Galitzki, N. and Hill, C.A. and Keating, B. and Kusaka, A. and Lashner, J. and Lee, A.T. and Limon, M. and Mauskopf, P.D. and McMahon, J. and Nati, F. and Niemack, M.D. and Orlowski-Scherer, J.L. and Parshley, S.C. and Puglisi, G. and Reichardt, C.L. and Salatino, M. and Staggs, S. and Suzuki, A. and Vavagiakis, E.M. and Wollack, E.J. and Xu, Z. and Zhu, N.},
    volume = {10708},
    isbn = {9781510619692},
    doi = {10.1117/12.2312971},
    issn = {1996756X},
    keywords = {Beam ellipticity, CMB, Simons Observatory, cross-polarization, instrumental polarization, optics, pointing, sidelobes, sub-mm astronomy, systematic effects}
}

@article{deiker_superconducting_2004,
    title = {{Superconducting transition edge sensor using dilute AlMn alloys}},
    year = {2004},
    journal = {Applied Physics Letters},
    author = {Deiker, S W and Doriese, W and Hilton, G C and {others}},
    number = {11},
    month = {9},
    pages = {2137--2139},
    volume = {85},
    url = {https://aip.scitation.org/doi/10.1063/1.1789575},
    doi = {10.1063/1.1789575},
    issn = {0003-6951}
}

@article{essinger-hileman_systematic_2016,
    title = {{Systematic effects from an ambient-temperature, continuously rotating half-wave plate}},
    year = {2016},
    journal = {Review of Scientific Instruments},
    author = {Essinger-Hileman, T and Kusaka, A and {others}},
    number = {9},
    month = {9},
    pages = {94503},
    volume = {87},
    url = {https://aip.scitation.org/doi/10.1063/1.4962023},
    doi = {10.1063/1.4962023},
    issn = {0034-6748}
}

@article{Simon2018,
    title = {{The Advanced ACTPol 27/39 GHz Array}},
    year = {2018},
    journal = {Journal of Low Temperature Physics},
    author = {Simon, S. M. and Beall, J. A. and Cothard, N. F. and Duff, S. M. and Gallardo, P. A. and Ho, S. P. and Hubmayr, J. and Koopman, B. J. and McMahon, J. J. and Nati, F. and Niemack, M. D. and Staggs, S. T. and Vavagiakis, E. M. and Wollack, E. J.},
    number = {5-6},
    month = {12},
    pages = {1041--1047},
    volume = {193},
    publisher = {Springer New York LLC},
    url = {https://doi.org/10.1007/s10909-018-1963-7},
    doi = {10.1007/s10909-018-1963-7},
    issn = {15737357},
    keywords = {Advanced ACTPol, Atacama Cosmology Telescope, Cosmic microwave background, Detector design, Foregrounds, Multichroic pixel, Polarization-sensitive detector, Synchrotron, Transition-edge sensor}
}

@article{Paine2019,
    title = {{The am atmospheric model}},
    year = {2019},
    author = {Paine, Scott},
    month = {9},
    url = {https://zenodo.org/record/3406496},
    doi = {10.5281/ZENODO.3406496}
}

@article{Thornton2016,
    title = {{THE ATACAMA COSMOLOGY TELESCOPE: THE POLARIZATION-SENSITIVE ACTPol INSTRUMENT}},
    year = {2016},
    journal = {The Astrophysical Journal Supplement Series},
    author = {Thornton, R. J. and Ade, P. A. R. and Aiola, S. and Angil{\`{e}}, F. E. and Amiri, M. and Beall, J. A. and Becker, D. T. and Cho, H-M. and Choi, S. K. and Corlies, P. and Coughlin, K. P. and Datta, R. and Devlin, M. J. and Dicker, S. R. and D{\"{u}}nner, R. and Fowler, J. W. and Fox, A. E. and Gallardo, P. A. and Gao, J. and Grace, E. and Halpern, M. and Hasselfield, M. and Henderson, S. W. and Hilton, G. C. and Hincks, A. D. and Ho, S. P. and Hubmayr, J. and Irwin, K. D. and Klein, J. and Koopman, B. and Li, Dale and Louis, T. and Lungu, M. and Maurin, L. and McMahon, J. and Munson, C. D. and Naess, S. and Nati, F. and Newburgh, L. and Nibarger, J. and Niemack, M. D. and Niraula, P. and Nolta, M. R. and Page, L. A. and Pappas, C. G. and Schillaci, A. and Schmitt, B. L. and Sehgal, N. and Sievers, J. L. and Simon, S. M. and Staggs, S. T. and Tucker, C. and Uehara, M. and Lanen, J. van and Ward, J. T. and Wollack, E. J.},
    number = {2},
    month = {12},
    pages = {21},
    volume = {227},
    url = {https://iopscience.iop.org/article/10.3847/1538-4365/227/2/21},
    doi = {10.3847/1538-4365/227/2/21},
    issn = {1538-4365}
}

@article{Dahal2020,
    title = {{The CLASS 150/220 GHz Polarimeter Array: Design, Assembly, and Characterization}},
    year = {2020},
    journal = {Journal of Low Temperature Physics},
    author = {Dahal, S. and Amiri, M. and Appel, J. W. and Bennett, C. L. and Corbett, L. and Datta, R. and Denis, K. and Essinger-Hileman, T. and Halpern, M. and Helson, K. and Hilton, G. and Hubmayr, J. and Keller, B. and Marriage, T. and Nunez, C. and Petroff, M. and Reintsema, C. and Rostem, K. and U-Yen, K. and Wollack, E.},
    number = {1-2},
    month = {4},
    pages = {289--297},
    volume = {199},
    publisher = {Springer},
    url = {https://doi.org/10.1007/s10909-019-02317-0},
    doi = {10.1007/s10909-019-02317-0},
    issn = {15737357},
    arxivId = {1908.00480},
    keywords = {CLASS, CMB polarization, Dichroic, TES}
}

@article{Zernike1938,
    title = {{The concept of degree of coherence and its application to optical problems}},
    year = {1938},
    journal = {Physica},
    author = {Zernike, F.},
    number = {8},
    month = {8},
    pages = {785--795},
    volume = {5},
    publisher = {North-Holland},
    doi = {10.1016/S0031-8914(38)80203-2},
    issn = {00318914}
}

@article{kamionkowski_cosmic_1999,
    title = {{The Cosmic Microwave Background and Particle Physics}},
    year = {1999},
    journal = {Annual Review of Nuclear and Particle Science},
    author = {Kamionkowski, Marc and Kosowsky, Arthur},
    number = {1},
    month = {12},
    pages = {77--123},
    volume = {49},
    url = {http://arxiv.org/abs/astro-ph/9904108},
    doi = {10.1146/annurev.nucl.49.1.77},
    issn = {0163-8998, 1545-4134},
    keywords = {Astrophysics, High Energy Physics - Phenomenology, High Energy Physics - Theory}
}

@article{fixsen_cosmic_1996,
    title = {{The Cosmic Microwave Background Spectrum from the Full COBE FIRAS Data Set}},
    year = {1996},
    journal = {The Astrophysical Journal},
    author = {Fixsen, D J and Cheng, E S and Gales, J M and Mather, J C and Shafer, R A and Wright, E L},
    number = {2},
    month = {12},
    pages = {576--587},
    volume = {473},
    url = {https://doi.org/10.1086%2F178173},
    doi = {10.1086/178173},
    issn = {0004-637X}
}

@article{ludwig_definition_1973,
    title = {{The definition of cross polarization}},
    year = {1973},
    journal = {IEEE Transactions on Antennas and Propagation},
    author = {Ludwig, A},
    number = {1},
    month = {1},
    pages = {116--119},
    volume = {21},
    doi = {10.1109/TAP.1973.1140406},
    keywords = {Antenna accessories, Antenna arrays, Antenna measurements, Antennas, Communication channels, Concurrent computing, Differential equations, Log periodic antennas, Measurement standards, Polarization, Polarizations, Terminology, Wire}
}

@inproceedings{Simon2016,
    title = {{The design and characterization of wideband spline-profiled feedhorns for Advanced ACTPol}},
    year = {2016},
    booktitle = {Millimeter, Submillimeter, and Far-Infrared Detectors and Instrumentation for Astronomy VIII},
    author = {Simon, Sara M. and Austermann, Jason and Beall, James A. and Choi, Steve K. and Coughlin, Kevin P. and Duff, Shannon M. and Gallardo, Patricio A. and Henderson, Shawn W. and Hills, Felicity B. and Ho, Shuay-Pwu Patty and Hubmayr, Johannes and Josaitis, Alec and Koopman, Brian J. and McMahon, Jeff J. and Nati, Federico and Newburgh, Laura and Niemack, Michael D. and Salatino, Maria and Schillaci, Alessandro and Schmitt, Benjamin L. and Staggs, Suzanne T. and Vavagiakis, Eve M. and Ward, Jonathan and Wollack, Edward J.},
    editor = {Holland, Wayne S. and Zmuidzinas, Jonas},
    month = {7},
    pages = {991416},
    volume = {9914},
    publisher = {SPIE},
    url = {http://proceedings.spiedigitallibrary.org/proceeding.aspx?doi=10.1117/12.2233603},
    isbn = {9781510602076},
    doi = {10.1117/12.2233603},
    issn = {1996756X},
    keywords = {Advanced ACTPol, Cosmic Microwave Background, Feedhorn, Polarization, Spline-Profiled, Wideband}
}

@article{the_ebex_collaboration_ebex_2018,
    title = {{The EBEX Balloon-borne Experiment—Optics, Receiver, and Polarimetry}},
    year = {2018},
    journal = {The Astrophysical Journal Supplement Series},
    author = {{The EBEX Collaboration}},
    number = {1},
    month = {11},
    pages = {7},
    volume = {239},
    url = {https://doi.org/10.3847%2F1538-4365%2Faae434},
    doi = {10.3847/1538-4365/aae434},
    issn = {0067-0049}
}

@article{Suzuki2018,
    title = {{The LiteBIRD Satellite Mission: Sub-Kelvin Instrument}},
    year = {2018},
    journal = {Journal of Low Temperature Physics},
    author = {Suzuki, A. and Ade, P.A.R. and Akiba, Y. and Alonso, D. and Arnold, K. and Aumont, J. and Baccigalupi, C. and Barron, D. and Basak, S. and Beckman, S. and Borrill, J. and Boulanger, F. and Bucher, M. and Calabrese, E. and Chinone, Y. and Cho, S. and Crill, B. and Cukierman, A. and Curtis, D.W. and de Haan, T. and Dobbs, M. and Dominjon, A. and Dotani, T. and Duband, L. and Ducout, A. and Dunkley, J. and Duval, J.M. and Elleflot, T. and Eriksen, H.K. and Errard, J. and Fischer, J. and Fujino, T. and Funaki, T. and Fuskeland, U. and Ganga, K. and Goeckner-Wald, N. and Grain, J. and Halverson, N.W. and Hamada, T. and Hasebe, T. and Hasegawa, M. and Hattori, K. and Hattori, M. and Hayes, L. and Hazumi, M. and Hidehira, N. and Hill, C.A. and Hilton, G. and Hubmayr, J. and Ichiki, K. and Iida, T. and Imada, H. and Inoue, M. and Inoue, Y. and Irwin, K.D. and Ishino, H. and Jeong, O. and Kanai, H. and Kaneko, D. and Kashima, S. and Katayama, N. and Kawasaki, T. and Kernasovskiy, S.A. and Keskitalo, R. and Kibayashi, A. and Kida, Y. and Kimura, K. and Kisner, T. and Kohri, K. and Komatsu, E. and Komatsu, K. and Kuo, C.L. and Kurinsky, N.A. and Kusaka, A. and Lazarian, A. and Lee, A.T. and Li, D. and Linder, E. and Maffei, B. and Mangilli, A. and Maki, M. and Matsumura, T. and Matsuura, S. and Meilhan, D. and Mima, S. and Minami, Y. and Mitsuda, K. and Montier, L. and Nagai, M. and Nagasaki, T. and Nagata, R. and Nakajima, M. and Nakamura, S. and Namikawa, T. and Naruse, M. and Nishino, H. and Nitta, T. and Noguchi, T. and Ogawa, H. and Oguri, S. and Okada, N. and Okamoto, A. and Okamura, T. and Otani, C. and Patanchon, G. and Pisano, G. and Rebeiz, G. and Remazeilles, M. and Richards, P.L. and Sakai, S. and Sakurai, Y. and Sato, Y. and Sato, N. and Sawada, M. and Segawa, Y. and Sekimoto, Y. and Seljak, U. and Sherwin, B.D. and Shimizu, T. and Shinozaki, K. and Stompor, R. and Sugai, H. and Sugita, H. and Suzuki, J. and Tajima, O. and Takada, S. and Takaku, R. and Takakura, S. and Takatori, S. and Tanabe, D. and Taylor, E. and Thompson, K.L. and Thorne, B. and Tomaru, T. and Tomida, T. and Tomita, N. and Tristram, M. and Tucker, C. and Turin, P. and Tsujimoto, M. and Uozumi, S. and Utsunomiya, S. and Uzawa, Y. and Vansyngel, F. and Wehus, I.K. and Westbrook, B. and Willer, M. and Whitehorn, N. and Yamada, Y. and Yamamoto, R. and Yamasaki, N. and Yamashita, T. and Yoshida, M.},
    number = {5-6},
    volume = {193},
    doi = {10.1007/s10909-018-1947-7},
    issn = {15737357},
    keywords = {B-mode, Cosmic microwave background, Inflation, Polarization, Satellite}
}

@article{sunyaev_observations_1972,
    title = {{The Observations of Relic Radiation as a Test of the Nature of X-Ray Radiation from the Clusters of Galaxies}},
    year = {1972},
    journal = {Comments on Astrophysics and Space Physics},
    author = {Sunyaev, R A and Zeldovich, Ya. B},
    month = {11},
    pages = {173},
    volume = {4},
    url = {http://adsabs.harvard.edu/abs/1972CoASP...4..173S},
    issn = {0010-2679},
    keywords = {Clusters of Galaxies, Cosmology, Intergalactic Gas, Microwave Background Radiation, X-Ray Astronomy}
}

@article{westbrook_polarbear-2_2018,
    title = {{The POLARBEAR-2 and Simons Array Focal Plane Fabrication Status}},
    year = {2018},
    journal = {Journal of Low Temperature Physics},
    author = {Westbrook, B and {The POLARBEAR Collaboration}},
    number = {5-6},
    month = {12},
    pages = {758--770},
    volume = {193},
    url = {https://escholarship.org/uc/item/96n9702x},
    doi = {10.1007/s10909-018-2059-0},
    issn = {0022-2291}
}

@article{Westbrook2018,
    title = {{The POLARBEAR-2 and Simons Array Focal Plane Fabrication Status}},
    year = {2018},
    journal = {Journal of Low Temperature Physics},
    author = {Westbrook, B. and Ade, P.A.R. and Aguilar, M. and Akiba, Y. and Arnold, K. and Baccigalupi, C. and Barron, D. and Beck, D. and Beckman, S. and Bender, A.N. and Bianchini, F. and Boettger, D. and Borrill, J. and Chapman, S. and Chinone, Y. and Coppi, G. and Crowley, K. and Cukierman, A. and de Haan, T. and D{\"{u}}nner, R. and Dobbs, M. and Elleflot, T. and Errard, J. and Fabbian, G. and Feeney, S.M. and Feng, C. and Fuller, G. and Galitzki, N. and Gilbert, A. and Goeckner-Wald, N. and Groh, J. and Halverson, N.W. and Hamada, T. and Hasegawa, M. and Hazumi, M. and Hill, C.A. and Holzapfel, W. and Howe, L. and Inoue, Y. and Jaehnig, G. and Jaffe, A. and Jeong, O. and Kaneko, D. and Katayama, N. and Keating, B. and Keskitalo, R. and Kisner, T. and Krachmalnicoff, N. and Kusaka, A. and Le Jeune, M. and Lee, A.T. and Leon, D. and Linder, E. and Lowry, L. and Madurowicz, A. and Mak, D. and Matsuda, F. and May, A. and Miller, N.J. and Minami, Y. and Montgomery, J. and Navaroli, M. and Nishino, H. and Peloton, J. and Pham, A. and Piccirillo, L. and Plambeck, D. and Poletti, D. and Puglisi, G. and Raum, C. and Rebeiz, G. and Reichardt, C.L. and Richards, P.L. and Roberts, H. and Ross, C. and Rotermund, K.M. and Segawa, Y. and Sherwin, B. and Silva-Feaver, M. and Siritanasak, P. and Stompor, R. and Suzuki, A. and Tajima, O. and Takakura, S. and Takatori, S. and Tanabe, D. and Tat, R. and Teply, G.P. and Tikhomirov, A. and Tomaru, T. and Tsai, C. and Whitehorn, N. and Zahn, A.},
    number = {5-6},
    volume = {193},
    doi = {10.1007/s10909-018-2059-0},
    issn = {15737357},
    keywords = {CMB, Detectors, Fabrication, Inflation, Instrumentation, Polarization, Sinuous antenna, Transition edge sensor}
}

@article{suzuki_polarbear-2_2016,
    title = {{The POLARBEAR-2 and the Simons Array Experiments}},
    year = {2016},
    journal = {Journal of Low Temperature Physics},
    author = {Suzuki, A and {The POLARBEAR Collaboration}},
    number = {3},
    month = {8},
    pages = {805--810},
    volume = {184},
    url = {https://doi.org/10.1007/s10909-015-1425-4},
    doi = {10.1007/s10909-015-1425-4},
    issn = {1573-7357}
}

@article{Suzuki2016,
    title = {{The Polarbear-2 and the Simons Array Experiments}},
    year = {2016},
    journal = {Journal of Low Temperature Physics},
    author = {Suzuki, A. and Ade, P. and Akiba, Y. and Aleman, C. and Arnold, K. and Baccigalupi, C. and Barch, B. and Barron, D. and Bender, A. and Boettger, D. and Borrill, J. and Chapman, S. and Chinone, Y. and Cukierman, A. and Dobbs, M. and Ducout, A. and Dunner, R. and Elleflot, T. and Errard, J. and Fabbian, G. and Feeney, S. and Feng, C. and Fujino, T. and Fuller, G. and Gilbert, A. and Goeckner-Wald, N. and Groh, J. and Haan, T.D. and Hall, G. and Halverson, N. and Hamada, T. and Hasegawa, M. and Hattori, K. and Hazumi, M. and Hill, C. and Holzapfel, W. and Hori, Y. and Howe, L. and Inoue, Y. and Irie, F. and Jaehnig, G. and Jaffe, A. and Jeong, O. and Katayama, N. and Kaufman, J. and Kazemzadeh, K. and Keating, B. and Kermish, Z. and Keskitalo, R. and Kisner, T. and Kusaka, A. and Jeune, M.L. and Lee, A. and Leon, D. and Linder, E. and Lowry, L. and Matsuda, F. and Matsumura, T. and Miller, N. and Mizukami, K. and Montgomery, J. and Navaroli, M. and Nishino, H. and Peloton, J. and Poletti, D. and Puglisi, G. and Rebeiz, G. and Raum, C. and Reichardt, C. and Richards, P. and Ross, C. and Rotermund, K. and Segawa, Y. and Sherwin, B. and Shirley, I. and Siritanasak, P. and Stebor, N. and Stompor, R. and Suzuki, J. and Tajima, O. and Takada, S. and Takakura, S. and Takatori, S. and Tikhomirov, A. and Tomaru, T. and Westbrook, B. and Whitehorn, N. and Yamashita, T. and Zahn, A. and Zahn, O.},
    number = {3-4},
    volume = {184},
    doi = {10.1007/s10909-015-1425-4},
    issn = {15737357},
    keywords = {B-mode, Cosmic microwave background, Gravitational weak lensing, Inflation, Polarization}
}

@phdthesis{howe_polarbear-2_2019,
    title = {{The POLARBEAR-2 Cryogenic Receiver for Cosmic Microwave Background Polarization Science}},
    year = {2019},
    author = {Howe, Logan},
    url = {https://escholarship.org/uc/item/5897v3wz},
    school = {UC San Diego}
}

@article{thorne_python_2017,
    title = {{The Python Sky Model: software for simulating the Galactic microwave sky}},
    shorttitle = {The {\{}Python{\}} {\{}Sky{\}} {\{}Model{\}}},
    year = {2017},
    journal = {Monthly Notices of the Royal Astronomical Society},
    author = {Thorne, B and Dunkley, J and Alonso, D and N{\ae}ss, S},
    number = {3},
    month = {8},
    pages = {2821--2833},
    volume = {469},
    url = {https://academic.oup.com/mnras/article/469/3/2821/3752444},
    doi = {10.1093/mnras/stx949},
    issn = {0035-8711}
}

@article{griffin_relative_2002,
    title = {{The Relative Performance of Filled and Feedhorn-Coupled Focal-plane Architectures}},
    year = {2002},
    journal = {Applied Optics},
    author = {Griffin, M J and Bock, J J and Gear, W K},
    number = {31},
    month = {11},
    pages = {6543},
    volume = {41},
    url = {http://arxiv.org/abs/astro-ph/0205264},
    doi = {10.1364/AO.41.006543},
    issn = {0003-6935, 1539-4522},
    keywords = {Astrophysics}
}

@inproceedings{stebor_simons_2016,
    title = {{The Simons Array CMB polarization experiment}},
    year = {2016},
    author = {Stebor, N and {The POLARBEAR Collaboration}},
    month = {7},
    pages = {99141H},
    url = {http://proceedings.spiedigitallibrary.org/proceeding.aspx?doi=10.1117/12.2233103},
    address = {Edinburgh, United Kingdom},
    doi = {10.1117/12.2233103}
}

@inproceedings{Stebor2016,
    title = {{The Simons Array CMB polarization experiment}},
    year = {2016},
    booktitle = {Proceedings of SPIE - The International Society for Optical Engineering},
    author = {Stebor, N. and Ade, P. and Akiba, Y. and Aleman, C. and Arnold, K. and Baccigalupi, C. and Barch, B. and Barron, D. and Beckman, S. and Bender, A. and Boettger, D. and Borrill, J. and Chapman, S. and Chinone, Y. and Cukierman, A. and De Haan, T. and Dobbs, M. and Ducout, A. and Dunner, R. and Elleflot, T. and Errard, J. and Fabbian, G. and Feeney, S. and Feng, C. and Fujino, T. and Fuller, G. and Gilbert, A.J. and Goeckner-Wald, N. and Groh, J. and Hall, G. and Halverson, N. and Hamada, T. and Hasegawa, M. and Hattori, K. and Hazumi, M. and Hill, C. and Holzapfel, W.L. and Hori, Y. and Howe, L. and Inoue, Y. and Irie, F. and Jaehnig, G. and Jaffe, A. and Jeong, O. and Katayama, N. and Kaufman, J.P. and Kazemzadeh, K. and Keating, B.G. and Kermish, Z. and Keskitalo, R. and Kisner, T. and Kusaka, A. and Le Jeune, M. and Lee, A.T. and Leon, D. and Linder, E.V. and Lowry, L. and Matsuda, F. and Matsumura, T. and Miller, N. and Montgomery, J. and Navaroli, M. and Nishino, H. and Paar, H. and Peloton, J. and Poletti, D. and Puglisi, G. and Raum, C.R. and Rebeiz, G.M. and Reichardt, C.L. and Richards, P.L. and Ross, C. and Rotermund, K.M. and Segawa, Y. and Sherwin, B.D. and Shirley, I. and Siritanasak, P. and Steinmetz, L. and Stompor, R. and Suzuki, A. and Tajima, O. and Takada, S. and Takatori, S. and Teply, G.P. and Tikhomirov, A. and Tomaru, T. and Westbrook, B. and Whitehorn, N. and Zahn, A. and Zahn, O.},
    volume = {9914},
    isbn = {9781510602076},
    doi = {10.1117/12.2233103},
    issn = {1996756X},
    keywords = {Cosmic microwave background radiation, Dark matter, Gark energy, Gravitational lensing, Inflation, Neutrinos, Polarimeters, Polarization}
}

@inproceedings{galitzki_simons_2018,
    title = {{The Simons Observatory: instrument overview}},
    shorttitle = {The {\{}Simons{\}} {\{}Observatory{\}}},
    year = {2018},
    booktitle = {Millimeter, Submillimeter, and Far-Infrared Detectors and Instrumentation for Astronomy IX},
    author = {Galitzki, Nicholas and {The Simons Observatory Collaboration}},
    month = {7},
    pages = {1070804},
    volume = {10708},
    publisher = {International Society for Optics and Photonics},
    url = {https://www.spiedigitallibrary.org/conference-proceedings-of-spie/10708/1070804/The-Simons-Observatory-instrument-overview/10.1117/12.2312985.short},
    doi = {10.1117/12.2312985}
}

@inproceedings{Galitzki2018,
    title = {{The Simons Observatory: Instrument overview}},
    year = {2018},
    booktitle = {Proceedings of SPIE - The International Society for Optical Engineering},
    author = {Galitzki, N. and Ali, A. and Arnold, K.S. and Ashton, P.C. and Austermann, J.E. and Baccigalupi, C. and Baildon, T. and Barron, D. and Beall, J.A. and Beckman, S. and Bruno, S.M.M. and Bryan, S. and Calisse, P.G. and Chesmore, G.E. and Chinone, Y. and Choi, S.K. and Coppi, G. and Crowley, K.D. and Crowley, K.T. and Cukierman, A. and Devlin, M.J. and Dicker, S. and Dober, B. and Duff, S.M. and Dunkley, J. and Fabbian, G. and Gallardo, P.A. and Gerbino, M. and Goeckner-Wald, N. and Golec, J.E. and Gudmundsson, J.E. and Healy, E.E. and Henderson, S. and Hill, C.A. and Hilton, G.C. and Ho, S.-P.P. and Howe, L.A. and Hubmayr, J. and Jeong, O. and Keating, B. and Koopman, B.J. and Kiuchi, K. and Kusaka, A. and Lashner, J. and Lee, A.T. and Li, Y. and Limon, M. and Lungu, M. and Matsuda, F. and Mauskopf, P.D. and May, A.J. and McCallum, N. and McMahon, J. and Nati, F. and Niemack, M.D. and Orlowski-Scherer, J.L. and Parshley, S.C. and Piccirillo, L. and Sathyanarayana Rao, M. and Raum, C. and Salatino, M. and Seibert, J.S. and Sierra, C. and Silva-Feaver, M. and Simon, S.M. and Staggs, S.T. and Stevens, J.R. and Suzuki, A. and Teply, G. and Thornton, R. and Tsai, C. and Ullom, J.N. and Vavagiakis, E.M. and Vissers, M.R. and Westbrook, B. and Wollack, E.J. and Xu, Z. and Zhu, N.},
    volume = {10708},
    isbn = {9781510619692},
    doi = {10.1117/12.2312985},
    issn = {1996756X},
    keywords = {CMB, Simons Observatory, bolometric camera, cryogenics, half-wave plate, microwave multiplexing readout, millimeter wavelengths, transition-edge sensor}
}

@article{Ade2019,
    title = {{The Simons Observatory: Science goals and forecasts}},
    year = {2019},
    journal = {Journal of Cosmology and Astroparticle Physics},
    author = {Ade, P. and Aguirre, J. and Ahmed, Z. and Aiola, S. and Ali, A. and Alonso, D. and Alvarez, M.A. and Arnold, K. and Ashton, P. and Austermann, J. and Awan, H. and Baccigalupi, C. and Baildon, T. and Barron, D. and Battaglia, N. and Battye, R. and Baxter, E. and Bazarko, A. and Beall, J.A. and Bean, R. and Beck, D. and Beckman, S. and Beringue, B. and Bianchini, F. and Boada, S. and Boettger, D. and Bond, J.R. and Borrill, J. and Brown, M.L. and Bruno, S.M. and Bryan, S. and Calabrese, E. and Calafut, V. and Calisse, P. and Carron, J. and Challinor, A. and Chesmore, G. and Chinone, Y. and Chluba, J. and Cho, H.-M.S. and Choi, S. and Coppi, G. and Cothard, N.F. and Coughlin, K. and Crichton, D. and Crowley, K.D. and Crowley, K.T. and Cukierman, A. and D'Ewart, J.M. and D{\"{u}}nner, R. and De Haan, T. and Devlin, M. and Dicker, S. and Didier, J. and Dobbs, M. and Dober, B. and Duell, C.J. and Duff, S. and Duivenvoorden, A. and Dunkley, J. and Dusatko, J. and Errard, J. and Fabbian, G. and Feeney, S. and Ferraro, S. and Flux{\`{a}}, P. and Freese, K. and Frisch, J.C. and Frolov, A. and Fuller, G. and Fuzia, B. and Galitzki, N. and Gallardo, P.A. and Ghersi, J.T.G. and Gao, J. and Gawiser, E. and Gerbino, M. and Gluscevic, V. and Goeckner-Wald, N. and Golec, J. and Gordon, S. and Gralla, M. and Green, D. and Grigorian, A. and Groh, J. and Groppi, C. and Guan, Y. and Gudmundsson, J.E. and Han, D. and Hargrave, P. and Hasegawa, M. and Hasselfield, M. and Hattori, M. and Haynes, V. and Hazumi, M. and He, Y. and Healy, E. and Henderson, S.W. and Hervias-Caimapo, C. and Hill, C.A. and Hill, J.C. and Hilton, G. and Hilton, M. and Hincks, A.D. and Hinshaw, G. and Hlo{\v{z}}ek, R. and Ho, S. and Ho, S.-P.P. and Howe, L. and Huang, Z. and Hubmayr, J. and Huffenberger, K. and Hughes, J.P. and Ijjas, A. and Ikape, M. and Irwin, K. and Jaffe, A.H. and Jain, B. and Jeong, O. and Kaneko, D. and Karpel, E.D. and Katayama, N. and Keating, B. and Kernasovskiy, S.S. and Keskitalo, R. and Kisner, T. and Kiuchi, K. and Klein, J. and Knowles, K. and Koopman, B. and Kosowsky, A. and Krachmalnicoff, N. and Kuenstner, S.E. and Kuo, C.-L. and Kusaka, A. and Lashner, J. and Lee, A. and Lee, E. and Leon, D. and Leung, J.S.-Y. and Lewis, A. and Li, Y. and Li, Z. and Limon, M. and Linder, E. and Lopez-Caraballo, C. and Louis, T. and Lowry, L. and Lungu, M. and Madhavacheril, M. and Mak, D. and Maldonado, F. and Mani, H. and Mates, B. and Matsuda, F. and Maurin, L. and Mauskopf, P. and May, A. and McCallum, N. and McKenney, C. and McMahon, J. and Meerburg, P.D. and Meyers, J. and Miller, A. and Mirmelstein, M. and Moodley, K. and Munchmeyer, M. and Munson, C. and Naess, S. and Nati, F. and Navaroli, M. and Newburgh, L. and Nguyen, H.N. and Niemack, M. and Nishino, H. and Orlowski-Scherer, J. and Page, L. and Partridge, B. and Peloton, J. and Perrotta, F. and Piccirillo, L. and Pisano, G. and Poletti, D. and Puddu, R. and Puglisi, G. and Raum, C. and Reichardt, C.L. and Remazeilles, M. and Rephaeli, Y. and Riechers, D. and Rojas, F. and Roy, A. and Sadeh, S. and Sakurai, Y. and Salatino, M. and Rao, M.S. and Schaan, E. and Schmittfull, M. and Sehgal, N. and Seibert, J. and Seljak, U. and Sherwin, B. and Shimon, M. and Sierra, C. and Sievers, J. and Sikhosana, P. and Silva-Feaver, M. and Simon, S.M. and Sinclair, A. and Siritanasak, P. and Smith, K. and Smith, S.R. and Spergel, D. and Staggs, S.T. and Stein, G. and Stevens, J.R. and Stompor, R. and Suzuki, A. and Tajima, O. and Takakura, S. and Teply, G. and Thomas, D.B. and Thorne, B. and Thornton, R. and Trac, H. and Tsai, C. and Tucker, C. and Ullom, J. and Vagnozzi, S. and Engelen, A.V. and Lanen, J.V. and Winkle, D.D.V. and Vavagiakis, E.M. and Verg{\`{e}}s, C. and Vissers, M. and Wagoner, K. and Walker, S. and Ward, J. and Westbrook, B. and Whitehorn, N. and Williams, J. and Williams, J. and Wollack, E.J. and Xu, Z. and Yu, B. and Yu, C. and Zago, F. and Zhang, H. and Zhu, N.},
    number = {2},
    volume = {2019},
    doi = {10.1088/1475-7516/2019/02/056},
    issn = {14757516},
    keywords = {CMBR experiments, CMBR polarisation, Cosmological parameters from CMBR}
}

@article{zmuidzinas_thermal_2003,
    title = {{Thermal noise and correlations in photon detection}},
    year = {2003},
    journal = {Applied Optics},
    author = {Zmuidzinas, Jonas},
    number = {25},
    month = {9},
    pages = {4989--5008},
    volume = {42},
    url = {https://www.osapublishing.org/ao/abstract.cfm?uri=ao-42-25-4989},
    doi = {10.1364/AO.42.004989},
    issn = {2155-3165},
    keywords = {Astronomy and astrophysics, Fluctuations, Noise in imaging systems, Photon statistics, and noise, relaxations}
}

@article{stiehl_time-division_2011,
    title = {{Time-Division SQUID Multiplexers With Reduced Sensitivity to External Magnetic Fields}},
    year = {2011},
    journal = {IEEE Transactions on Applied Superconductivity},
    author = {Stiehl, G M and {Others}},
    number = {3},
    month = {6},
    pages = {298--301},
    volume = {21},
    doi = {10.1109/TASC.2010.2091483},
    issn = {1558-2515},
    keywords = {Coils, Couplings, Gradiometry, Magnetic separation, Multiplexing, NIST, NIST SQUID multiplexer designs, SQUID, SQUID amplifiers, SQUIDs, Superconducting magnets, external magnetic fields, field sensitivity, gradiometry, magnetic fields, multiplexer, time-division SQUID multiplexers, transition Edge Sensor}
}

@article{essinger-hileman_transfer_2013,
    title = {{Transfer matrix for treating stratified media including birefringent crystals}},
    year = {2013},
    journal = {Applied Optics},
    author = {Essinger-Hileman, Thomas},
    number = {2},
    month = {1},
    pages = {212},
    volume = {52},
    url = {http://arxiv.org/abs/1301.6160},
    doi = {10.1364/AO.52.000212},
    issn = {1559-128X, 2155-3165},
    keywords = {Astrophysics - Instrumentation and Methods for Ast, Physics - Optics}
}

@article{Xu2020,
    title = {{Two-year Cosmology Large Angular Scale Surveyor (CLASS) Observations: 40 GHz Telescope Pointing, Beam Profile, Window Function, and Polarization Performance}},
    year = {2020},
    journal = {The Astrophysical Journal},
    author = {Xu, Zhilei and Brewer, Michael K. and Rojas, Pedro Fluxá and Li, Yunyang and Osumi, Keisuke and Pradenas, Bastián and Ali, Aamir and Appel, John W. and Bennett, Charles L. and Bustos, Ricardo and Chan, Manwei and Chuss, David T. and Cleary, Joseph and Couto, Jullianna Denes and Dahal, Sumit and Datta, Rahul and Denis, Kevin L. and D{\"{u}}nner, Rolando and Eimer, Joseph R. and Essinger-Hileman, Thomas and Gothe, Dominik and Harrington, Kathleen and Iuliano, Jeffrey and Karakla, John and Marriage, Tobias A. and Miller, Nathan J. and N{\'{u}}{\~{n}}ez, Carolina and Padilla, Ivan L. and Parker, Lucas and Petroff, Matthew A. and Reeves, Rodrigo and Rostem, Karwan and Nunes Valle, Deniz Augusto and Watts, Duncan J. and Weiland, Janet L. and Wollack, Edward J.},
    number = {2},
    month = {3},
    pages = {134},
    volume = {891},
    url = {https://iopscience.iop.org/article/10.3847/1538-4357/ab76c2},
    doi = {10.3847/1538-4357/ab76c2},
    issn = {1538-4357}
}

@article{Sugai2020,
    title = {{Updated Design of the CMB Polarization Experiment Satellite LiteBIRD}},
    year = {2020},
    journal = {Journal of Low Temperature Physics},
    author = {Sugai, H. and Ade, P.A.R. and Akiba, Y. and Alonso, D. and Arnold, K. and Aumont, J. and Austermann, J. and Baccigalupi, C. and Banday, A.J. and Banerji, R. and Barreiro, R.B. and Basak, S. and Beall, J. and Beckman, S. and Bersanelli, M. and Borrill, J. and Boulanger, F. and Brown, M.L. and Bucher, M. and Buzzelli, A. and Calabrese, E. and Casas, F.J. and Challinor, A. and Chan, V. and Chinone, Y. and Cliche, J.-F. and Columbro, F. and Cukierman, A. and Curtis, D. and Danto, P. and de Bernardis, P. and de Haan, T. and De Petris, M. and Dickinson, C. and Dobbs, M. and Dotani, T. and Duband, L. and Ducout, A. and Duff, S. and Duivenvoorden, A. and Duval, J.-M. and Ebisawa, K. and Elleflot, T. and Enokida, H. and Eriksen, H.K. and Errard, J. and Essinger-Hileman, T. and Finelli, F. and Flauger, R. and Franceschet, C. and Fuskeland, U. and Ganga, K. and Gao, J.-R. and G{\'{e}}nova-Santos, R. and Ghigna, T. and Gomez, A. and Gradziel, M.L. and Grain, J. and Grupp, F. and Gruppuso, A. and Gudmundsson, J.E. and Halverson, N.W. and Hargrave, P. and Hasebe, T. and Hasegawa, M. and Hattori, M. and Hazumi, M. and Henrot-Versille, S. and Herranz, D. and Hill, C. and Hilton, G. and Hirota, Y. and Hivon, E. and Hlozek, R. and Hoang, D.-T. and Hubmayr, J. and Ichiki, K. and Iida, T. and Imada, H. and Ishimura, K. and Ishino, H. and Jaehnig, G.C. and Jones, M. and Kaga, T. and Kashima, S. and Kataoka, Y. and Katayama, N. and Kawasaki, T. and Keskitalo, R. and Kibayashi, A. and Kikuchi, T. and Kimura, K. and Kisner, T. and Kobayashi, Y. and Kogiso, N. and Kogut, A. and Kohri, K. and Komatsu, E. and Komatsu, K. and Konishi, K. and Krachmalnicoff, N. and Kuo, C.L. and Kurinsky, N. and Kushino, A. and Kuwata-Gonokami, M. and Lamagna, L. and Lattanzi, M. and Lee, A.T. and Linder, E. and Maffei, B. and Maino, D. and Maki, M. and Mangilli, A. and Mart{\'{i}}nez-Gonz{\'{a}}lez, E. and Masi, S. and Mathon, R. and Matsumura, T. and Mennella, A. and Migliaccio, M. and Minami, Y. and Mistuda, K. and Molinari, D. and Montier, L. and Morgante, G. and Mot, B. and Murata, Y. and Murphy, J.A. and Nagai, M. and Nagata, R. and Nakamura, S. and Namikawa, T. and Natoli, P. and Nerval, S. and Nishibori, T. and Nishino, H. and Nomura, Y. and Noviello, F. and O’Sullivan, C. and Ochi, H. and Ogawa, H. and Ogawa, H. and Ohsaki, H. and Ohta, I. and Okada, N. and Okada, N. and Pagano, L. and Paiella, A. and Paoletti, D. and Patanchon, G. and Piacentini, F. and Pisano, G. and Polenta, G. and Poletti, D. and Prouv{\'{e}}, T. and Puglisi, G. and Rambaud, D. and Raum, C. and Realini, S. and Remazeilles, M. and Roudil, G. and Rubi{\~{n}}o-Mart{\'{i}}n, J.A. and Russell, M. and Sakurai, H. and Sakurai, Y. and Sandri, M. and Savini, G. and Scott, D. and Sekimoto, Y. and Sherwin, B.D. and Shinozaki, K. and Shiraishi, M. and Shirron, P. and Signorelli, G. and Smecher, G. and Spizzi, P. and Stever, S.L. and Stompor, R. and Sugiyama, S. and Suzuki, A. and Suzuki, J. and Switzer, E. and Takaku, R. and Takakura, H. and Takakura, S. and Takeda, Y. and Taylor, A. and Taylor, E. and Terao, Y. and Thompson, K.L. and Thorne, B. and Tomasi, M. and Tomida, H. and Trappe, N. and Tristram, M. and Tsuji, M. and Tsujimoto, M. and Tucker, C. and Ullom, J. and Uozumi, S. and Utsunomiya, S. and Van Lanen, J. and Vermeulen, G. and Vielva, P. and Villa, F. and Vissers, M. and Vittorio, N. and Voisin, F. and Walker, I. and Watanabe, N. and Wehus, I. and Weller, J. and Westbrook, B. and Winter, B. and Wollack, E. and Yamamoto, R. and Yamasaki, N.Y. and Yanagisawa, M. and Yoshida, T. and Yumoto, J. and Zannoni, M. and Zonca, A.},
    number = {3-4},
    volume = {199},
    doi = {10.1007/s10909-019-02329-w},
    issn = {15737357},
    keywords = {Cosmic microwave background, Inflation, Polarization, Primordial gravitational wave, Satellite}
}

@article{tervo_van_2013,
    title = {{Van Cittert{\&}{\#}x2013;Zernike theorem with Stokes parameters}},
    year = {2013},
    journal = {Optics Letters},
    author = {Tervo, Jani and Set{\"{a}}l{\"{a}}, Tero and Turunen, Jari and Friberg, Ari T},
    number = {13},
    month = {7},
    pages = {2301--2303},
    volume = {38},
    url = {https://www.osapublishing.org/ol/abstract.cfm?uri=ol-38-13-2301},
    doi = {10.1364/OL.38.002301},
    issn = {1539-4794},
    keywords = {Coherence, Diffraction theory, Electromagnetic theory, Fourier transforms, Interference, Polarization}
}

@article{lee_voltage-biased_1997,
    title = {{Voltage-biased high-T/sub c/ superconducting infrared bolometers with strong electrothermal feedback}},
    year = {1997},
    journal = {IEEE Transactions on Applied Superconductivity},
    author = {Lee, A T and Gildemeister, J M and Lee, Shih-Fu and Richards, P L},
    number = {2},
    month = {6},
    pages = {2378--2381},
    volume = {7},
    doi = {10.1109/77.621718},
    issn = {1051-8223},
    keywords = {Astrophysics, Bolometers, Electrothermal effects, Feedback, Low-frequency noise, SQUIDs, Superconducting photodetectors, Temperature sensors, Thermal conductivity, Voltage, bolometers, electrothermal feedback, feedback, high-temperature superconductors, infrared detectors, readout, sensitivity, superconducting devices, thermal conductance, thermometer, time constant, voltage-biased high-T/sub c/ superconducting infr}
}

@article{lewis_weak_2006,
    title = {{Weak gravitational lensing of the CMB}},
    year = {2006},
    journal = {Physics Reports},
    author = {Lewis, Antony and Challinor, Anthony},
    number = {1},
    month = {6},
    pages = {1--65},
    volume = {429},
    url = {http://www.sciencedirect.com/science/article/pii/S0370157306000810},
    doi = {10.1016/j.physrep.2006.03.002},
    issn = {0370-1573},
    keywords = {Cosmic microwave background, Gravitational lensing}
}

@article{oxford_instruments_windows_nodate,
    title = {{Windows for cryogenic environments}},
    year = {2015},
    journal = {https://nanoscience.oxinst.com/assets/uploads/products/nanoscience/ documents/Spectroscopy-Windows.pdf},
    author = {{Oxford Instruments}},
    url = {https://nanoscience.oxinst.com/assets/uploads/products/nanoscience/documents/Spectroscopy-Windows.pdf}
}

@article{Spinelli2011AExperiments,
    title = {{A template of atmospheric O2 circularly polarized emission for cosmic microwave background experiments}},
    year = {2011},
    journal = {Monthly Notices of the Royal Astronomical Society},
    author = {Spinelli, S. and Fabbian, G. and Tartari, A. and Zannoni, M. and Gervasi, M.},
    number = {4},
    month = {7},
    pages = {3272--3280},
    volume = {414},
    publisher = {Oxford Academic},
    url = {https://academic.oup.com/mnras/article-lookup/doi/10.1111/j.1365-2966.2011.18625.x},
    doi = {10.1111/j.1365-2966.2011.18625.x},
    issn = {00358711},
    keywords = {Atmospheric effects, Cosmic background radiation, Cosmology: observations, Techniques: polarimetric}
}

@inproceedings{Hui2018BICEPPolarimeter,
    title = {{BICEP Array: a multi-frequency degree-scale CMB polarimeter}},
    year = {2018},
    booktitle = {Millimeter, Submillimeter, and Far-Infrared Detectors and Instrumentation for Astronomy IX},
    author = {Hui, Howard and Ade, P. A. R. and Ahmed, Zeeshan and Aikin, Randol and Alexander, Kate D. and Barkats, Denis and Benton, Steve J. and Bischoff, Colin A. and Bock, James J. and Bowens-Rubin, Rachel and Brevik, Justus A. and Buder, Immanuel and Bullock, Eric and Buza, Victor and Connors, Jake and Cornelison, James and Crill, Brendan and Crumrine, Michael and Dierickx, Marion and Duband, Lionel and Dvorkin, Cora and Filippini, Jeff P. and Fliescher, Stefan and Grayson, James A. and Hall, Grantland and Halpern, Mark and Harrison, Sam A. and Hildebrandt, Sergi and Hilton, Gene C. and Irwin, Kent D. and Kang, Jae Hwan and Karkare, Kirit S. and Karpel, Ethan and Kaufman, Jonathan and Keating, Brian G. and Kefeli, Sinan and Kernasovskiy, Sarah A. and Kovac, J. M. and Kuo, Chao-Lin and Larson, Nicole and Lau, King and Leitch, Erik M. and Lueker, Martin and Megerian, K. G. and Moncelsi, Lorenzo and Namikawa, Toshiya and Netterfield, C. B. and Nguyen, H. T. and O'brient, Roger and Ogburn IV, R. Walt and Palladino, Stephen and Pryke, Clement and Racine, Benjamin and Richter, Steffen and Schillaci, Alessandro and Schwarz, Robert and Sheehy, Chris D. and Soliman, Ahmed and St Germaine, Tyler and Staniszewski, Zachary K. and Steinbach, Bryan and Sudiwala, Rashmi and Teply, Grant P. and Thompson, Keith L. and Tolan, James E. and Tucker, Carole and Turner, Anthony D. and Umilt{\`{a}}, Caterina and Vieregg, Abigail G. and Wandui, Albert and Weber, Alexis C. and Wiebe, Don and Willmert, Justin and Wong, Chin Lin and Wu, Wai Ling K. and Yang, Eric and Yoon, Ki Won and Zheng, Cheng},
    editor = {Zmuidzinas, Jonas and Gao, Jian-Rong},
    number = {9},
    month = {7},
    pages = {49},
    volume = {10708},
    publisher = {SPIE},
    url = {https://spiedigitallibrary.org/conference-proceedings-of-spie/10708/2311725/BICEP-Array-a-multi-frequency-degree-scale-CMB-polarimeter/10.1117/12.2311725.full},
    isbn = {9781510619692},
    doi = {10.1117/12.2311725},
    keywords = {Cosmic Microwave Background, Instrumentation, Polarization}
}

@article{Kaneko2020DeploymentPolarbear-2A,
    title = {{Deployment of Polarbear-2A}},
    year = {2020},
    journal = {Journal of Low Temperature Physics},
    author = {Kaneko, Daisuke and Adachi, S. and Ade, P. A.R. and Aguilar Fa{\'{u}}ndez, M. and Akiba, Y. and Arnold, K. and Baccigalupi, C. and Barron, D. and Beck, D. and Beckman, S. and Bianchini, F. and Boettger, D. and Borrill, J. and Carron, J. and Chapman, S. and Cheung, K. and Chinone, Y. and Crowley, K. and Cukierman, A. and Dobbs, M. and D{\H{u}}nner, R. and El-Bouhargani, H. and Elleflot, T. and Errard, J. and Fabbian, G. and Feeney, S. M. and Feng, C. and Fujino, T. and Galitzki, N. and Gilbert, A. and Goeckner-Wald, N. and Groh, J. and Hall, G. and Halverson, N. W. and Hamada, T. and Hasegawa, M. and Hazumi, M. and Hill, C. A. and Howe, L. and Inoue, Y. and Jaehnig, G. and Jeong, O. and Katayama, N. and Keating, B. and Keskitalo, R. and Kikuchi, S. and Kisner, T. and Krachmalnicoff, N. and Kusaka, A. and Lee, A. T. and Leon, D. and Linder, E. and Lowry, L. N. and Mangu, A. and Matsuda, F. and Minami, Y. and Navaroli, M. and Nishino, H. and Peloton, J. and Pham, A. T.P. and Poletti, D. and Puglisi, G. and Reichardt, C. L. and Ross, C. and Segawa, Y. and Silva-Feaver, M. and Siritanasak, P. and Stebor, N. and Stompor, R. and Suzuki, A. and Tajima, O. and Takakura, S. and Takatori, S. and Tanabe, D. and Teply, G. P. and Tomaru, T. and Tsai, C. and Verges, C. and Westbrook, B. and Zhou, Y.},
    number = {3-4},
    month = {5},
    pages = {1137--1147},
    volume = {199},
    publisher = {Springer},
    doi = {10.1007/s10909-020-02366-w},
    issn = {15737357},
    keywords = {B-mode polarization, CMB, Millimeter wave, TES bolometer}
}

@inproceedings{Sakurai2018DesignLiteBIRD,
    title = {{Design and development of a polarization modulator unit based on a continuous rotating half-wave plate for LiteBIRD}},
    year = {2018},
    booktitle = {Millimeter, Submillimeter, and Far-Infrared Detectors and Instrumentation for Astronomy IX},
    author = {Sakurai, Yuki and Matsumura, Tomotake and Katayama, Nobuhiko and Komatsu, Kunimoto and Kanai, Hiroaki and Sugiyama, Shinya and Ghigna, Tommaso and Iida, Teruhito and Sugai, Hajime and Ohsaki, Hiroyuki and Terao, Yutaka and Shimomura, Toshiki and Konishi, Kuniaki and Sakurai, Haruyuki and Yumoyo, Junji and Maki, Muneyoshi and Suzuki, Junichi and Ishino, Hirokazu and Nakamura, Shogo and Kusaka, Akito and Hill, Charles A. and Hazumi, Masashi and Kataza, Hirokazu and Utsunomiya, Shin and Yamamoto, Ryo and Tashiro, Makoto and Terada, Yukikatsu and Imada, Hiroaki and Takaku, Ryota},
    editor = {Zmuidzinas, Jonas and Gao, Jian-Rong},
    number = {9},
    month = {7},
    pages = {12},
    volume = {10708},
    publisher = {SPIE},
    url = {https://www.spiedigitallibrary.org/conference-proceedings-of-spie/10708/2312391/Design-and-development-of-a-polarization-modulator-unit-based-on/10.1117/12.2312391.full},
    isbn = {9781510619692},
    doi = {10.1117/12.2312391},
    keywords = {LiteBIRD, broadband achromatic half-wave plate, cosmic microwave background, cryogenic rotation mechanism, inflation, millimeter-wave polarization, polarization modulator, space program}
}

@article{Hou1974MethodFilters,
    title = {{Method for Optimized Design of Dielectric Multilayer Filters}},
    year = {1974},
    journal = {Applied Optics},
    author = {Hou, H. S.},
    number = {8},
    month = {8},
    pages = {1863},
    volume = {13},
    publisher = {The Optical Society},
    url = {https://www-osapublishing-org.libproxy.berkeley.edu/viewmedia.cfm?uri=ao-13-8-1863&seq=0&html=true https://www-osapublishing-org.libproxy.berkeley.edu/abstract.cfm?uri=ao-13-8-1863 https://www-osapublishing-org.libproxy.berkeley.edu/ao/abstract.cfm?uri=ao-13-8-1863},
    doi = {10.1364/ao.13.001863},
    issn = {0003-6935},
    keywords = {Electric fields, Refractive index, Spectral properties, Synthesis methods, Thin films, Transmittance}
}

@inproceedings{Hasegawa2018POLARBEAR-2:Presentation,
    title = {{POLARBEAR-2: a new CMB polarization receiver system for the Simons array (Conference Presentation)}},
    year = {2018},
    booktitle = {Millimeter, Submillimeter, and Far-Infrared Detectors and Instrumentation for Astronomy IX},
    author = {Hasegawa, Masaya and COLLABORATION, The POLARBEAR and Ade, Peter and Aguilar, Mario and Akiba, Yoshiki and Ali, Aamir and Arnold, Kam and Ashton, Peter and Baccigalupi, Carlo and Barron, Darcy and Beck, Dominic and Beckman, Shawn and Bender, Amy and Bianchini, Federico and Boettger, David and Borrill, Julian and Carron, Julien and Chapman, Scott and Chinone, Yuji and Coppi, Gabriele and Crowley, Kevin and Cukierman, Ali and Dobbs, Matt and Dunner, Rolando and Elleflot, Tucker and Errard, Josquin and Fabbian, Giulio and Feeney, Stephen and Feng, Chang and Fuller, George and Galitzki, Nicholas and Gilbert, Andrew and Goeckner-Wald, Neil and Groh, John and Haan, Tijmen and Halverson, Nils and Hamada, Takaho and Hazumi, Masashi and Hill, Charles and Holzapfel, William and Howe, Logan and Inoue, Yuki and Ito, Jennifer and Jaehnig, Greg and Jaffe, Andrew and Jeong, Oliver and Jeune, Maude and Kaneko, Daisuke and Katayama, Nobuhiko and Keating, Brian and Keskitalo, Reijo and Kisner, Theodore and Krachmalnicoff, Nicoletta and Kusaka, Akito and Lee, Adrian and Leon, David and Linder, Eric and Lowry, Lindsay and Madurowicz, Alex and Mak, Suet and Matsuda, Frederick and Matsumura, Tomotake and May, Andrew and Miller, Nathan and Minami, Yuto and Montgomery, Joshua and Navaroli, Martin and Nishino, Haruki and Peloton, Julien and Pham, Anh and Piccirillo, Lucio and Plambeck, Richard and Poletti, Davide and Puglisi, Giuseppe and Raum, Christopher and Rebeiz, Gabriel and Reichardt, Christian and Richards, Paul and Roberts, Hayley and Ross, Colin and Rotermund, Kaja Rotermund and Segawa, Yuuko and Sherwin, Blake and Silva-Feaver, Maximiliano and Siritanasak, Praween and Steinmetz, Leo Steinmetz and Stompor, Radek and Suzuki, Aritoki and Tajima, Osamu and Takakura, Satoru and Takatori, Sayuri and Tanabe, Daiki and Tat, Raymond and Teply, Grant and Tomaru, Takayuki and Tsai, Calvin and Verges, Clara and Westbrook, Ben and Whitehorn, Nathan and Zahn, Alex and Suzuki, Junichi and Okamura, Takahiro},
    editor = {Zmuidzinas, Jonas and Gao, Jian-Rong},
    month = {7},
    pages = {1},
    volume = {10708},
    publisher = {SPIE},
    url = {https://spiedigitallibrary.org/conference-proceedings-of-spie/10708/2311576/POLARBEAR-2--a-new-CMB-polarization-receiver-system-for/10.1117/12.2311576.full},
    isbn = {9781510619692},
    doi = {10.1117/12.2311576},
    keywords = {Cosmic Microwave Background, Inflation, Polarization, TES bolometer, neutrino mass}
}

@misc{Hanany2003PolarizationExperiments,
    title = {{Polarization of the atmosphere as a foreground for cosmic microwave background polarization experiments}},
    year = {2003},
    booktitle = {New Astronomy Reviews},
    author = {Hanany, Shaul and Rosenkranz, Philip},
    number = {11-12},
    month = {12},
    pages = {1159--1165},
    volume = {47},
    publisher = {Elsevier},
    doi = {10.1016/j.newar.2003.09.017},
    issn = {13876473},
    arxivId = {astro-ph/0307052}
}